2642 4225
375 404 376 410 ,
447 332 596 420 Cannu
644 312 729 403 ΠΙ.Ι
950 357 991 421 43

153 483 239 531 non
259 460 352 533 enirn
367 480 405 527 ex
419 483 489 527 aevo
505 456 616 529 anuos
637 452 690 527 sed
717 459 909 527 imminutos
931 440 990 550 po·

155 566 233 629 tius
249 552 534 627 suilseverosrmile
548 558 602 627 est.
627 552 818 625 Mersennus
831 554 872 623 de
886 550 991 624 Mens.

158 665 200 732 δι
224 656 334 725 Pond.
352 679 383 751 p.
398 668 446 725 26.
476 656 602 749 aliquot
624 653 776 749 producit
800 650 991 722 numismata
1098 682 1102 687 ·

142 757 329 825 Romana
343 760 377 823 &
399 756 508 825 Graec'a
532 754 551 824 al
576 750 606 823 se
630 749 787 847 adpensa,
818 748 991 845 inquibus

160 856 297 925 nostua
320 856 426 921 Attica
451 878 541 953 gran.
554 858 655 953 apo-2..r
681 849 863 920 Alexander
879 853 990 943 M.-gr.

162 988 243 1051 324.
260 926 396 1029 dovotus
409 964 487 1027 item
505 983 576 1053 pag.
599 986 669 1049 230.
691 960 818 1029 noctua
849 961 990 1025 mentio-

163 1084 250 1129 nem
267 1056 344 1127 lacit
359 1082 449 1154 gran.
460 1081 513 1147 3¹5·
523 1053 574 1125 sed
584 1079 751 1153 perperam
760 1082 829 1125 eam
838 1079 898 1149 pro
911 1077 992 1149 pen·

164 1154 369 1227 radrachmo
387 1151 501 1234 sumit,
519 1178 553 1223 ιιι
572 1158 636 1227 scil.
651 1154 803 1225 drachma
822 1156 991 1250 proveniat

80 1262 81 1305 ἒ
165 1237 992 1351 63.gran.qualemquideme'arn,sedsalso,slrtuit.

167 1350 377 1425 Clarissimus
392 1394 394 1399 ·
408 1351 587 1425 Bernardus
610 1356 737 1423 invenit
764 1349 991 1421 drachmarum
1091 1420 1095 1430 ,

80 1512 81 1517 ,
168 1456 357 1523 Atticarum
374 1448 581 1547 perfectiores
595 1478 688 1551 gran.
723 1450 820 1546 Angl.
841 1460 898 1534 67·
918 1464 991 1541 quae

168 1548 300 1621 faciunt
323 1549 416 1637 Paris·
439 1556 528 1651 81}
545 1578 659 1623 aureos
687 1553 842 1629 Dacicus,
875 1568 991 1616 aureos

167 1656 253 1723 item
270 1648 430 1755 Philippi,
449 1660 622 1731 Alexandri
639 1663 688 1730 M.
704 1658 908 1752 aliorumque
916 1659 989 1730 Ma·

170 1752 358 1841 cedonunr,
370 1782 418 1853 gr.
433 1758 530 1855 Angl.
546 1788 608 1850 134·
623 1755 677 1829 seu
700 1750 794 1828 Paris.
809 1768 841 1825 16
844 1761 905 1856 33.
927 1756 988 1824 sta·
1039 1846 1042 1853 Ι

170 1876 257 1925 teres
293 1856 356 1927 five
382 1864 620 1934 terradraclrma
653 1856 990 1937 Atticamaximased

80 2040 94 2049 μ
171 1959 297 2023 rariora
312 1982 358 2051 gr.
377 1961 474 2057 Angl.
489 1969 561 2028 268.
583 1958 677 2029 Paris.
693 1968 789 2060 326},
840 1960 989 2025 Provoco

80 2062 81 2065 ’
174 2059 233 2150 hic¹
248 2056 346 2152 porro
366 2064 408 2132 ad
429 2089 561 2148 omues,
592 2068 650 2158 qui
676 2064 727 2135 vel
748 2064 826 2134 tales
841 2084 993 2132 nummos

176 2155 357 2254 poffident,
371 2160 423 2229 vel
440 2160 547 2236 saltem
566 2161 686 2258 quibus
708 2161 749 2233 ad
771 2158 992 2258 nummoplry·

175 2260 257 2330 lacia
279 2261 484 2330 instrudliora
501 2259 635 2334 liberior
660 2285 749 2359 patet
777 2258 931 2344 accessus,
954 2281 990 2330 ut

155 2355 304 2456 ⁴putidus
317 2383 430 2428 eorum
446 2360 536 2430 lance
557 2359 765 2458 examinandi
785 2356 989 2431 occasionem
1036 2406 1038 2409 -

176 2481 243 2526 non
259 2461 431 2542 omittant,
445 2460 628 2529 Atticorum
651 2465 823 2558 inprimis,
853 2484 895 2529 ne
915 2462 990 2553 quis

176 2551 389 2624 diverfiratem
404 2557 586 2654 ponderum
606 2561 991 2664 Graecorum,proracio·
1051 2590 1053 2593 ·

178 2677 218 2723 ne
234 2653 404 2737 locorum,
421 2652 574 2726 causetur.
611 2659 687 2727 ,Hac
703 2660 793 2726 enim
810 2653 877 2723 lola
891 2657 991 2727 ratio-

156 2747 158 2754 ’
179 2775 218 2821 nc
232 2752 394 2822 certitudo
410 2762 455 2822 rei
471 2758 604 2825 constat.
657 2752 911 2825 ‘sttradrachma
922 2751 991 2822 laec

180 2853 284 2920 Attica
299 2851 340 2920 de
356 2874 465 2922 cetero
481 2849 553 2923 saris
568 2851 640 2923 sunt
654 2851 772 2937 obvia,
787 2854 990 2946 minimeque

180 2953 260 3018 inter
274 2954 394 3020 rariora
410 2955 610 3022 numeranda
635 2977 643 3020 ε
677 2949 741 3020 hoc
762 2971 867 3022 unum
880 2972 990 3022 tamen

181 3047 309 3131 addam,
328 3053 389 3118 tria
407 3046 474 3119 sete
491 3054 604 3120 eorum
616 3054 741 3118 rarione
756 3055 856 3120 aetatir
873 3048 991 3144 (quarn

182 3166 216 3216 ex
229 3143 386 3235 artificio,
408 3143 683 3244 singularibusque
700 3155 768 3246 typi
782 3150 992 3221 circumstan-

182 3249 231 3316 tiis
249 3243 474 3343 quadantenus
494 3245 773 3347 hariolarilic'et,)
794 3251 992 3345 reperirige·

80 3363 81 3366 ’
716 3382 719 3386 ⁴
912 3363 989 3411 nera
1069 3388 1080 3412 .
