2642 4225
76 151 90 548 Ι
470 400 622 472 CArur
649 408 712 475 ΙΙΙ.
756 421 760 428 ¹
796 444 801 453 ι
965 428 999 498 51

77 557 83 592 r
156 602 158 606 v
251 522 358 591 locus
381 518 434 595 bic
448 519 524 591 effer
545 524 585 592 de
600 514 669 605 alir's
690 546 824 618 quoque
841 517 996 616 ponderis

181 615 240 689 bus
259 644 328 690 tum
343 624 463 689 Graecis
480 644 548 689 tum
565 594 742 717 peregrinis
764 634 799 693 δε
816 617 995 690 Barbaricis

181 744 292 815 agere,
315 716 372 793 sed
384 743 496 814 praeter
512 724 545 787 iri
563 731 653 815 quod
677 721 793 790 notitia
808 744 921 789 eorum
936 715 994 787 usu

106 880 109 885 .
180 813 250 885 fere
267 841 383 901 careat,
401 822 521 887 incerta
539 819 731 913 plerumque
745 814 805 890 effe
821 818 993 898 iolemmi-

179 912 382 998 sraustores,
410 920 468 1009 qui
493 942 607 985 eorum
631 923 832 988 mentionem
854 918 993 995 facium,

178 1009 271 1080 simul
286 1012 408 1083 addant
425 1019 583 1083 rationem
598 1014 639 1083 ad
661 1021 799 1084 notiora.
872 1015 922 1083 De
938 1020 993 1083 AE·

177 1116 359 1209 gintrarum
387 1110 495 1180 saitem
528 1112 717 1195 Drachma,
741 1109 992 1208 Atheniensibus

179 1211 295 1303 παχείᾳ,
320 1208 437 1299 cr'affa,
463 1210 577 1293 diua,
593 1212 774 1281 notandum
791 1214 854 1295 est,
878 1214 992 1285 decem
1076 1208 1083 1219 Χ

162 1308 294 1399 obolos
313 1313 440 1377 Atticos
462 1333 532 1377 eam
551 1305 707 1377 valuiffer
735 1309 894 1381 or'refert
917 1314 992 1383 Pol-

175 1405 230 1476 lux
249 1406 271 1475 l.
287 1434 318 1495 9.
343 1404 455 1474 eadem
478 1431 555 1475 vero
578 1412 660 1477 ratio
683 1407 908 1479 drachmarum
929 1410 992 1483 ob·

174 1496 292 1575 servata
309 1500 370 1600 fuir
383 1510 480 1575 eriam
497 1509 580 1575 inter
597 1512 750 1580 minas&
770 1505 899 1579 talenta.
924 1513 990 1581 Ta.

174 1602 256 1677 lenti
282 1601 420 1673 Euboici
442 1609 599 1673 momoria
622 1606 795 1701 aliquoties
824 1616 989 1697 occurrir;

77 1763 87 1781 „
174 1700 262 1769 idem
276 1698 339 1771 fuit
356 1726 431 1771 cum
450 1704 574 1788 Attico,
587 1728 660 1774 cum
678 1706 777 1777 ambo
790 1710 824 1774 in
842 1732 909 1777 uno
924 1733 989 1790 rer·

173 1803 222 1868 tio
238 1797 446 1885 convenimi,
461 1799 483 1871 sa
498 1828 572 1871 vera
586 1802 657 1873 sunt
675 1829 747 1897 quae
761 1806 802 1875 de
812 1807 989 1893 Babyloni·

173 1922 213 1967 co
230 1898 352 1970 talento
375 1900 494 1969 habeut
510 1902 701 1970 Herodorus
723 1903 745 1970 l.
757 1928 783 1992 3.
808 1910 842 1971 &
871 1907 988 1975 Pol-lux

88 2012 90 2015 ’
171 1994 195 2067 i.
205 2022 234 2083 9.
259 2001 326 2066 Hic
342 2002 429 2065 enim
448 2022 491 2079 70
505 2001 608 2065 minas
624 1999 800 2078 Euboicas,
826 2000 883 2068 iste
897 2026 989 2086 7000

171 2092 400 2164 drachmarum
419 2095 598 2160 Atticarum
618 2091 726 2161 eidem
744 2090 910 2167 adscribit.
938 2100 990 2171 U.

85 2262 87 2266 ,
172 2186 282 2284 ruique
299 2213 377 2260 veto
391 2185 566 2284 refragatur
579 2191 703 2274 Frstus,
723 2190 917 2280 Euboicum,
936 2201 988 2268 io-

172 2293 302 2382 quiens,
323 2288 479 2356 talentum
499 2313 624 2356 nummo
640 2295 741 2359 Graeco
753 2292 871 2387 septem
893 2298 988 2364 milli·

78 2393 79 2404 ’
137 2457 142 2462 ,
169 2413 227 2456 um
247 2387 285 2462 a&
303 2391 541 2484 quingentorum
564 2385 764 2484 cistophorum
784 2390 850 2478 est,
889 2391 1019 2483 nostro·

169 2507 308 2580 quatuor
320 2490 454 2555 millium
468 2484 679 2559 denariorum.

223 2585 408 2654 Ponderum
432 2593 465 2656 δι
490 2584 715 2680 Mensurarum
736 2589 987 2685 Georgicarum,

170 2707 242 2754 nec*
260 2709 329 2754 nou
360 2685 673 2780 Hippoiatricaruui‘
691 2683 744 2756 seu
765 2690 987 2755 Veterinario·

169 2805 245 2852 rum
263 2785 454 2852 memoriam
474 2779 571 2852 uobis
592 2783 794 2858 conservavit
810 2783 986 2881 Cleopatra
1024 2832 1028 2845 »

169 2884 206 2951 in
223 2877 407 2982 fragmento
424 2879 464 2950 de
487 2879 638 2956 Mundic.
1091 2895 1095 2903 ’

222 2983 275 3050 De
300 2973 503 3050 Ponderibus
523 2978 644 3075 quibus
660 2978 786 3079 Modici
801 2979 924 3055 Arabes
938 2980 985 3055 rifi

167 3077 256 3162 suut,
270 3079 365 3149 multi
380 3099 526 3176 egerunt.
557 3079 673 3150 Praeter
686 3079 819 3175 paucula
842 3081 984 3176 propria,

169 3173 598 3276 ex.gr.Rotulum‚Libram;
623 3179 913 3267 Sacros,Unciam;
936 3208 985 3250 re-

168 3275 292 3372 liquaa*
309 3277 429 3346 Graecis
446 3277 585 3346 mutuati
604 3272 695 3362 sunt,
716 3283 797 3350 mire
819 3274 985 3376 corruptis

170 3369 704 3471 nominibuszsrcMana‚ips1sest
715 3381 826 3464 Mim3
853 3375 986 3451 Darou.

539 3475 572 3544 D
598 3499 621 3554 2
926 3478 985 3556 mi,
