2642 4225
339 355 378 407 22
488 332 637 399 Sacaro
659 329 684 395 l.
711 332 761 398 Da
784 326 1011 398 Pounraraua.

413 456 458 525 11.
480 453 629 523 Pondere
645 476 683 523 ex
699 457 893 553 antiquitate
911 451 1056 536 rendua,
1077 447 1164 551 lapi-¹

266 552 283 615 ι’
343 550 664 637 dea,aerea‚fetrea.

379 656 462 720 tlt.
487 653 543 719 Pes
560 654 730 719 Romanus
746 655 908 743 antiquus.

393 752 454 817 lV.
483 752 582 817 Varia
600 743 753 815 mensurae
769 751 947 829 Romanae,
972 745 1162 832 metallica,

346 872 550 933 marmorea,
566 844 679 913 itidem
695 870 732 913 ex
754 871 823 915 aevo
841 848 967 915 vetusto
990 848 1164 930 restantes,

346 944 456 1038 quales
482 942 551 1013 sunt
580 943 767 1037 Amphora,
801 944 956 1029 Modrus,
990 945 1163 1041 Congius,

345 1046 503 1127 Sextarius
521 1050 583 1111 διε.

397 1146 436 1209 V.
463 1137 665 1211 Numismata
682 1144 849 1219 Romana,
864 1165 978 1225 aurea,
994 1162 1164 1236 argentea,

346 1266 434 1314 aerea.

397 1340 620 1408 percurramus
637 1334 770 1432 singula.
802 1337 913 1406 Primb
928 1334 1063 1432 quidem
1073 1333 1165 1428 quod

347 1444 461 1509 attinet
477 1436 706 1533 vegetabilium
729 1432 864 1531 species,
896 1458 1008 1503 natum
1024 1433 1102 1501 inde
1119 1433 1164 1501 est

348 1540 449 1605 Grani
469 1560 589 1603 nomen
611 1539 695 1604 inter
717 1534 861 1627 pondera
890 1533 1067 1614 hodierna,
1095 1549 1166 1625 quo

348 1640 456 1704 minus
473 1657 538 1701 non
558 1632 660 1701 datur.
709 1635 815 1702 Tanta
834 1658 912 1701 vero
926 1633 971 1700 est
987 1654 1164 1727 granorum

347 1736 382 1803 in
398 1728 527 1827 nugulis
541 1728 705 1826 speciebus
719 1728 900 1801 differentia
922 1755 986 1825 qua
1011 1727 1160 1823 pondus,

349 1854 410 1925 pro
425 1826 784 1924 diverfitateregioaum
794 1877 803 1904 ‚
813 1854 976 1925 agrorum,
986 1850 1163 1909 annorum,

348 1932 450 1996 utrix
473 1933 646 2026 quicquam
663 1922 761 1996 effatu
785 1927 921 2024 dignum
945 1946 1057 1995 eorurn
1096 1949 1180 2018 ope,

349 2025 556 2095 determinari
572 2022 682 2122 poffit,
705 2026 885 2124 redeatque
917 2024 994 2096 ideo
1014 2020 1105 2118 plura
1121 2023 1164 2092 de

347 2123 461 2194 iisdem
479 2124 633 2220 proferre.
681 2125 829 2196 Unicum
854 2151 962 2196 tamen
989 2123 1029 2192 de
1055 2128 1167 2219 grania·

353 2218 474 2316 fitiquae
500 2223 603 2291 duicis
625 2249 692 2291 non
719 2227 763 2294 est
789 2224 1028 2304 omittendum
1060 2221 1167 2321 vidgri

351 2343 387 2388 ea
402 2319 510 2389 saltem
528 2320 732 2417 praereiiquis
749 2323 789 2392 ad
808 2325 870 2393 hoc
880 2326 1049 2415 negotium
1059 2325 1164 2416 aptio·

350 2441 399 2493 ra,
417 2417 507 2512 quod
519 2425 601 2487 inter
616 2416 645 2488 se
660 2446 831 2517 appareant
846 2420 917 2490 satis
927 2419 1078 2512 aequaiia‚
1088 2441 1169 2512 ptae-

349 2537 502 2611 tereaque
522 2523 555 2586 in
574 2519 779 2612 paucioribus
805 2517 992 2616 regionibus
1009 2521 1163 2612 proveni·

244 2697 246 2709 Ι
350 2639 425 2701 ant,
446 2641 483 2686 ex
498 2616 617 2712 quibus
631 2617 672 2684 ad
694 2643 753 2687 nos
776 2641 946 2714 portantur
970 2616 1076 2686 adbuc
1104 2614 1170 2684 ho«

351 2713 432 2797 die,
472 2716 558 2785 unde
582 2723 615 2785 &
632 2717 711 2784 oiim
730 2723 764 2787 in
781 2721 995 2786 Graeciam&
1023 2713 1170 2796 italiam,

350 2809 501 2904 adeoque
514 2819 548 2882 in
564 2810 636 2908 ipsrs
653 2841 720 2884 non
741 2839 806 2886 tam
825 2815 998 2885 metuenda
1013 2815 1078 2890 est,
1094 2836 1170 2905 quae

352 2911 388 2978 in
403 2907 495 2991 aliis,
527 2911 748 3008 &regionibus
773 2939 845 3001 utta
870 2910 1064 2988 differentia.
1114 2913 1170 2982 Da

355 3003 407 3077 bis
422 3010 465 3074 ita
480 3011 640 3079 Fannius:
1032 3031 1036 3036 ·

305 3125 310 3145 “
402 3109 529 3175 Semina
537 3109 596 3196 sex
608 3111 668 3178 alii
672 3113 795 3205 filiquis
808 3115 976 3183 latitantia
990 3109 1099 3182 curvr'a
1203 3172 1206 3178 .

407 3204 605 3278 Attribnuat
624 3209 787 3312 firipuior

356 3307 485 3395 &mox

1047 3412 1174 3512 Scripta
