<?xml version="1.0" encoding="UTF-8"?>
<!DOCTYPE html PUBLIC "-//W3C//DTD XHTML 1.0 Transitional//EN"
    "http://www.w3.org/TR/xhtml1/DTD/xhtml1-transitional.dtd">
<html xmlns="http://www.w3.org/1999/xhtml" xml:lang="en" lang="en">
 <head>
  <title>
</title>
<meta http-equiv="Content-Type" content="text/html;charset=utf-8" />
  <meta name='ocr-system' content='tesseract 3.04.00' />
  <meta name='ocr-capabilities' content='ocr_page ocr_carea ocr_par ocr_line ocrx_word'/>
</head>
<body>
  <div class='ocr_page' id='page_1' title='image "./jocaspeisenschm00eisegoog_0151.png"; bbox 0 0 2642 4225; ppageno 0'>
   <div class='ocr_carea' id='block_1_1' title="bbox 361 399 1102 479">
    <p class='ocr_par' dir='ltr' id='par_1_1' title="bbox 361 399 1102 479">
     <span class='ocr_line' id='line_1_1' title="bbox 361 399 1102 479; baseline 0.011 -8"><span class='ocrx_word' id='word_1_1' title='bbox 361 420 415 471; x_wconf 78' lang='grc' dir='ltr'>ιη</span> <span class='ocrx_word' id='word_1_2' title='bbox 462 399 577 467; x_wconf 80' lang='lat' dir='ltr'>Sacrro</span> <span class='ocrx_word' id='word_1_3' title='bbox 589 400 644 468; x_wconf 86' lang='lat'>111.</span> <span class='ocrx_word' id='word_1_4' title='bbox 667 400 719 468; x_wconf 85' lang='lat' dir='ltr'>Da</span> <span class='ocrx_word' id='word_1_5' title='bbox 732 402 887 473; x_wconf 77' lang='lat' dir='ltr'>Mausun.</span> <span class='ocrx_word' id='word_1_6' title='bbox 900 406 1102 479; x_wconf 66' lang='lat' dir='ltr'>turcavan,</span> 
     </span>
    </p>
   </div>
   <div class='ocr_carea' id='block_1_2' title="bbox 356 522 1179 1893">
    <p class='ocr_par' dir='ltr' id='par_1_2' title="bbox 356 522 1179 1893">
     <span class='ocr_line' id='line_1_2' title="bbox 362 522 1176 621; baseline 0.009 -28"><span class='ocrx_word' id='word_1_7' title='bbox 362 548 427 621; x_wconf 87' lang='lat' dir='ltr'>que</span> <span class='ocrx_word' id='word_1_8' title='bbox 452 528 605 607; x_wconf 83' lang='lat' dir='ltr'>nauticae,</span> <span class='ocrx_word' id='word_1_9' title='bbox 628 522 821 610; x_wconf 82' lang='lat' dir='ltr'>videamus,</span> <span class='ocrx_word' id='word_1_10' title='bbox 853 544 1013 621; x_wconf 88' lang='lat' dir='ltr'>quantum</span> <span class='ocrx_word' id='word_1_11' title='bbox 1035 524 1176 600; x_wconf 75' lang='lat' dir='ltr'>circuitu</span> 
     </span>
     <span class='ocr_line' id='line_1_3' title="bbox 361 616 1176 719; baseline 0.006 -26"><span class='ocrx_word' id='word_1_12' title='bbox 361 626 470 694; x_wconf 79' lang='lat' dir='ltr'>Terrae</span> <span class='ocrx_word' id='word_1_13' title='bbox 484 644 618 719; x_wconf 83' lang='lat' dir='ltr'>magnus</span> <span class='ocrx_word' id='word_1_14' title='bbox 631 616 669 691; x_wconf 66' lang='lat' dir='ltr'>e&#39;x</span> <span class='ocrx_word' id='word_1_15' title='bbox 686 620 855 719; x_wconf 84' lang='lat' dir='ltr'>potissimis</span> <span class='ocrx_word' id='word_1_16' title='bbox 867 648 976 693; x_wconf 86' lang='lat' dir='ltr'>earum</span> <span class='ocrx_word' id='word_1_17' title='bbox 991 630 1106 719; x_wconf 88' lang='lat' dir='ltr'>capiat.</span> <span class='ocrx_word' id='word_1_18' title='bbox 1135 626 1176 698; x_wconf 83' lang='lat' dir='ltr'>E·</span> 
     </span>
     <span class='ocr_line' id='line_1_4' title="bbox 360 717 1173 821; baseline 0.001 -30"><span class='ocrx_word' id='word_1_19' title='bbox 360 720 494 819; x_wconf 86' lang='lat' dir='ltr'>quidem</span> <span class='ocrx_word' id='word_1_20' title='bbox 510 717 647 790; x_wconf 82' lang='lat' dir='ltr'>hicnon</span> <span class='ocrx_word' id='word_1_21' title='bbox 670 718 923 805; x_wconf 83' lang='lat' dir='ltr'>recensebimus,</span> <span class='ocrx_word' id='word_1_22' title='bbox 944 722 1024 817; x_wconf 88' lang='lat' dir='ltr'>quid</span> <span class='ocrx_word' id='word_1_23' title='bbox 1041 718 1173 821; x_wconf 80' lang='lat' dir='ltr'>finguli,</span> 
     </span>
     <span class='ocr_line' id='line_1_5' title="bbox 360 814 1176 916; baseline 0.001 -26"><span class='ocrx_word' id='word_1_24' title='bbox 360 825 420 915; x_wconf 90' lang='lat' dir='ltr'>qui</span> <span class='ocrx_word' id='word_1_25' title='bbox 435 814 671 889; x_wconf 78' lang='lat' dir='ltr'>dimensionem</span> <span class='ocrx_word' id='word_1_26' title='bbox 687 818 769 889; x_wconf 87' lang='lat' dir='ltr'>hanc</span> <span class='ocrx_word' id='word_1_27' title='bbox 785 819 915 916; x_wconf 83' lang='lat' dir='ltr'>aggredi</span> <span class='ocrx_word' id='word_1_28' title='bbox 931 816 995 889; x_wconf 85' lang='lat' dir='ltr'>aust</span> <span class='ocrx_word' id='word_1_29' title='bbox 1010 815 1094 903; x_wconf 89' lang='lat' dir='ltr'>sunt,</span> <span class='ocrx_word' id='word_1_30' title='bbox 1123 824 1176 891; x_wconf 90' lang='lat' dir='ltr'>in-</span> 
     </span>
     <span class='ocr_line' id='line_1_6' title="bbox 358 914 1172 993; baseline 0.005 -7"><span class='ocrx_word' id='word_1_31' title='bbox 358 922 535 993; x_wconf 73' lang='lat' dir='ltr'>venerint,</span> <span class='ocrx_word' id='word_1_32' title='bbox 569 917 692 986; x_wconf 84' lang='lat' dir='ltr'>alienus</span> <span class='ocrx_word' id='word_1_33' title='bbox 721 921 808 985; x_wconf 90' lang='lat' dir='ltr'>enim</span> <span class='ocrx_word' id='word_1_34' title='bbox 830 922 972 987; x_wconf 87' lang='lat' dir='ltr'>omnino</span> <span class='ocrx_word' id='word_1_35' title='bbox 995 914 1087 989; x_wconf 88' lang='lat' dir='ltr'>locus</span> <span class='ocrx_word' id='word_1_36' title='bbox 1116 919 1172 990; x_wconf 84' lang='lat' dir='ltr'>est.</span> 
     </span>
     <span class='ocr_line' id='line_1_7' title="bbox 359 1010 1175 1111; baseline 0.005 -26"><span class='ocrx_word' id='word_1_37' title='bbox 359 1011 486 1085; x_wconf 83' lang='lat' dir='ltr'>Sufficit</span> <span class='ocrx_word' id='word_1_38' title='bbox 502 1010 633 1097; x_wconf 84' lang='lat' dir='ltr'>referre,</span> <span class='ocrx_word' id='word_1_39' title='bbox 647 1013 728 1111; x_wconf 89' lang='lat' dir='ltr'>quid</span> <span class='ocrx_word' id='word_1_40' title='bbox 748 1038 851 1109; x_wconf 84' lang='lat' dir='ltr'>nuper</span> <span class='ocrx_word' id='word_1_41' title='bbox 870 1014 1049 1085; x_wconf 82' lang='lat' dir='ltr'>admodum</span> <span class='ocrx_word' id='word_1_42' title='bbox 1064 1018 1175 1089; x_wconf 70' lang='lat' dir='ltr'>assum</span> 
     </span>
     <span class='ocr_line' id='line_1_8' title="bbox 358 1111 1175 1211; baseline -0.002 -26"><span class='ocrx_word' id='word_1_43' title='bbox 358 1111 459 1185; x_wconf 82' lang='lat' dir='ltr'>fiterit</span> <span class='ocrx_word' id='word_1_44' title='bbox 478 1111 542 1181; x_wconf 87' lang='lat' dir='ltr'>hoc</span> <span class='ocrx_word' id='word_1_45' title='bbox 555 1116 589 1182; x_wconf 87' lang='lat' dir='ltr'>in</span> <span class='ocrx_word' id='word_1_46' title='bbox 606 1118 740 1211; x_wconf 88' lang='lat' dir='ltr'>negorio</span> <span class='ocrx_word' id='word_1_47' title='bbox 754 1111 794 1183; x_wconf 90' lang='lat' dir='ltr'>ab</span> <span class='ocrx_word' id='word_1_48' title='bbox 811 1113 983 1184; x_wconf 86' lang='lat' dir='ltr'>Academia</span> <span class='ocrx_word' id='word_1_49' title='bbox 991 1114 1096 1209; x_wconf 90' lang='lat' dir='ltr'>Regia</span> <span class='ocrx_word' id='word_1_50' title='bbox 1105 1116 1175 1184; x_wconf 85' lang='lat' dir='ltr'>Sci-</span> 
     </span>
     <span class='ocr_line' id='line_1_9' title="bbox 358 1210 1175 1309; baseline 0.001 -27"><span class='ocrx_word' id='word_1_51' title='bbox 358 1214 531 1283; x_wconf 85' lang='lat' dir='ltr'>entiamm.</span> <span class='ocrx_word' id='word_1_52' title='bbox 581 1214 653 1309; x_wconf 72' lang='lat' dir='ltr'>jam</span> <span class='ocrx_word' id='word_1_53' title='bbox 674 1216 760 1281; x_wconf 83' lang='lat' dir='ltr'>Anu.</span> <span class='ocrx_word' id='word_1_54' title='bbox 783 1221 862 1299; x_wconf 80' lang='lat'><em>1669</em></span> <span class='ocrx_word' id='word_1_55' title='bbox 877 1238 927 1280; x_wconf 89' lang='lat' dir='ltr'>ma</span> <span class='ocrx_word' id='word_1_56' title='bbox 953 1236 1030 1281; x_wconf 88' lang='lat' dir='ltr'>num</span> <span class='ocrx_word' id='word_1_57' title='bbox 1047 1210 1175 1309; x_wconf 89' lang='lat' dir='ltr'>aliquid</span> 
     </span>
     <span class='ocr_line' id='line_1_10' title="bbox 359 1237 951 1407; baseline 0 -29"><span class='ocrx_word' id='word_1_58' title='bbox 359 1310 536 1407; x_wconf 80' lang='lat' dir='ltr'>praeiiirutn</span> <span class='ocrx_word' id='word_1_59' title='bbox 556 1306 638 1395; x_wconf 87' lang='lat' dir='ltr'>fnit,</span> <span class='ocrx_word' id='word_1_60' title='bbox 657 1305 809 1393; x_wconf 42' lang='lat' dir='ltr'>‚mensore</span> <span class='ocrx_word' id='word_1_61' title='bbox 832 1237 951 1405; x_wconf 46' lang='grc' dir='ltr'>ροιὶΐί]ζ</span> 
     </span>
     <span class='ocr_line' id='line_1_11' title="bbox 358 1404 1175 1505; baseline 0 -27"><span class='ocrx_word' id='word_1_62' title='bbox 358 1406 479 1478; x_wconf 82' lang='lat' dir='ltr'>tiffimo</span> <span class='ocrx_word' id='word_1_63' title='bbox 500 1408 668 1491; x_wconf 87' lang='lat' dir='ltr'>Picatdo,</span> <span class='ocrx_word' id='word_1_64' title='bbox 697 1412 756 1505; x_wconf 89' lang='lat' dir='ltr'>qui</span> <span class='ocrx_word' id='word_1_65' title='bbox 785 1412 881 1478; x_wconf 90' lang='lat' dir='ltr'>etiam</span> <span class='ocrx_word' id='word_1_66' title='bbox 904 1404 1070 1479; x_wconf 79' lang='lat' dir='ltr'>obseruata</span> <span class='ocrx_word' id='word_1_67' title='bbox 1097 1416 1175 1478; x_wconf 86' lang='lat' dir='ltr'>cuin</span> 
     </span>
     <span class='ocr_line' id='line_1_12' title="bbox 357 1503 1176 1605; baseline 0.004 -31"><span class='ocrx_word' id='word_1_68' title='bbox 357 1503 494 1602; x_wconf 85' lang='lat' dir='ltr'>publico</span> <span class='ocrx_word' id='word_1_69' title='bbox 515 1510 780 1576; x_wconf 85' lang='lat' dir='ltr'>communicavit.</span> <span class='ocrx_word' id='word_1_70' title='bbox 853 1504 1052 1605; x_wconf 86' lang='lat' dir='ltr'>Magnitudo</span> <span class='ocrx_word' id='word_1_71' title='bbox 1075 1512 1176 1577; x_wconf 76' lang='lat' dir='ltr'>unius</span> 
     </span>
     <span class='ocr_line' id='line_1_13' title="bbox 357 1596 1175 1699; baseline 0.007 -29"><span class='ocrx_word' id='word_1_72' title='bbox 357 1604 487 1672; x_wconf 83' lang='lat' dir='ltr'>Gradus</span> <span class='ocrx_word' id='word_1_73' title='bbox 498 1603 692 1672; x_wconf 83' lang='lat' dir='ltr'>Latitudinis</span> <span class='ocrx_word' id='word_1_74' title='bbox 704 1600 762 1699; x_wconf 77' lang='lat' dir='ltr'>ipsi</span> <span class='ocrx_word' id='word_1_75' title='bbox 777 1602 856 1672; x_wconf 91' lang='lat' dir='ltr'>inde</span> <span class='ocrx_word' id='word_1_76' title='bbox 870 1604 1010 1674; x_wconf 53' lang='lat' dir='ltr'>deducta</span> <span class='ocrx_word' id='word_1_77' title='bbox 1024 1596 1088 1673; x_wconf 88' lang='lat' dir='ltr'>fuit</span> <span class='ocrx_word' id='word_1_78' title='bbox 1104 1608 1175 1675; x_wconf 79' lang='lat' dir='ltr'>He·</span> 
     </span>
     <span class='ocr_line' id='line_1_14' title="bbox 357 1697 1179 1865; baseline -0.007 -94"><span class='ocrx_word' id='word_1_79' title='bbox 357 1699 557 1865; x_wconf 56' lang='lat' dir='ltr'>xagodarum</span> <span class='ocrx_word' id='word_1_80' title='bbox 575 1697 796 1773; x_wconf 81' lang='lat' dir='ltr'>Parifienstum</span> <span class='ocrx_word' id='word_1_81' title='bbox 814 1712 931 1791; x_wconf 84' lang='lat'>57060.</span> <span class='ocrx_word' id='word_1_82' title='bbox 976 1704 1089 1773; x_wconf 83' lang='lat' dir='ltr'>Patrio</span> <span class='ocrx_word' id='word_1_83' title='bbox 1103 1706 1179 1800; x_wconf 76' lang='lat' dir='ltr'>Me.</span> 
     </span>
     <span class='ocr_line' id='line_1_15' title="bbox 356 1798 1174 1893; baseline 0.005 -26"><span class='ocrx_word' id='word_1_84' title='bbox 356 1801 385 1867; x_wconf 91' lang='lat' dir='ltr'>ti</span> <span class='ocrx_word' id='word_1_85' title='bbox 410 1801 475 1866; x_wconf 90' lang='lat' dir='ltr'>iani</span> <span class='ocrx_word' id='word_1_86' title='bbox 497 1822 568 1891; x_wconf 77' lang='lat' dir='ltr'>qua</span> <span class='ocrx_word' id='word_1_87' title='bbox 588 1800 774 1893; x_wconf 83' lang='lat' dir='ltr'>operationi</span> <span class='ocrx_word' id='word_1_88' title='bbox 800 1798 875 1868; x_wconf 88' lang='lat' dir='ltr'>huic</span> <span class='ocrx_word' id='word_1_89' title='bbox 891 1798 1061 1882; x_wconf 84' lang='lat' dir='ltr'>inserviit,</span> <span class='ocrx_word' id='word_1_90' title='bbox 1088 1802 1174 1871; x_wconf 84' lang='lat' dir='ltr'>Gra·</span> 
     </span>
    </p>
   </div>
   <div class='ocr_carea' id='block_1_3' title="bbox 927 1316 1240 1383">
    <p class='ocr_par' dir='ltr' id='par_1_3' title="bbox 927 1316 1240 1383">
     <span class='ocr_line' id='line_1_16' title="bbox 927 1316 1240 1383; baseline 0.013 -6"><span class='ocrx_word' id='word_1_91' title='bbox 927 1331 1028 1379; x_wconf 85' lang='lat' dir='ltr'>rmum</span> <span class='ocrx_word' id='word_1_92' title='bbox 1044 1332 1174 1383; x_wconf 80' lang='lat' dir='ltr'>actura·</span> <span class='ocrx_word' id='word_1_93' title='bbox 1239 1316 1240 1323; x_wconf 74' lang='grc'>’</span> 
     </span>
    </p>
   </div>
   <div class='ocr_carea' id='block_1_4' title="bbox 357 1894 1238 1993">
    <p class='ocr_par' dir='ltr' id='par_1_4' title="bbox 357 1894 1238 1993">
     <span class='ocr_line' id='line_1_17' title="bbox 357 1894 1238 1993; baseline 0.007 -29"><span class='ocrx_word' id='word_1_94' title='bbox 357 1894 437 1965; x_wconf 89' lang='lat' dir='ltr'>dum</span> <span class='ocrx_word' id='word_1_95' title='bbox 453 1920 556 1966; x_wconf 87' lang='lat' dir='ltr'>unum</span> <span class='ocrx_word' id='word_1_96' title='bbox 572 1895 659 1966; x_wconf 86' lang='lat' dir='ltr'>haud</span> <span class='ocrx_word' id='word_1_97' title='bbox 673 1896 813 1967; x_wconf 86' lang='lat' dir='ltr'>multum</span> <span class='ocrx_word' id='word_1_98' title='bbox 828 1895 1005 1993; x_wconf 80' lang='lat' dir='ltr'>superabat.</span> <span class='ocrx_word' id='word_1_99' title='bbox 1059 1895 1175 1969; x_wconf 78' lang='lat' dir='ltr'>visum</span> <span class='ocrx_word' id='word_1_100' title='bbox 1234 1928 1238 1947; x_wconf 63' lang='lat'><strong>⁴</strong></span> 
     </span>
    </p>
   </div>
   <div class='ocr_carea' id='block_1_5' title="bbox 356 1991 1175 2388">
    <p class='ocr_par' dir='ltr' id='par_1_5' title="bbox 356 1991 1175 2388">
     <span class='ocr_line' id='line_1_18' title="bbox 357 1991 1174 2090; baseline 0.004 -26"><span class='ocrx_word' id='word_1_101' title='bbox 357 1994 404 2065; x_wconf 83' lang='lat' dir='ltr'>est</span> <span class='ocrx_word' id='word_1_102' title='bbox 426 1998 524 2090; x_wconf 87' lang='lat' dir='ltr'>igitur</span> <span class='ocrx_word' id='word_1_103' title='bbox 539 1994 578 2064; x_wconf 90' lang='lat' dir='ltr'>ad</span> <span class='ocrx_word' id='word_1_104' title='bbox 593 1994 823 2065; x_wconf 81' lang='lat' dir='ltr'>certitudinem</span> <span class='ocrx_word' id='word_1_105' title='bbox 846 2004 1013 2089; x_wconf 85' lang='lat' dir='ltr'>majorem,</span> <span class='ocrx_word' id='word_1_106' title='bbox 1035 1991 1174 2089; x_wconf 85' lang='lat' dir='ltr'>spatium</span> 
     </span>
     <span class='ocr_line' id='line_1_19' title="bbox 356 2090 1175 2192; baseline 0.002 -28"><span class='ocrx_word' id='word_1_107' title='bbox 356 2090 458 2192; x_wconf 82' lang='lat' dir='ltr'>longe</span> <span class='ocrx_word' id='word_1_108' title='bbox 479 2094 579 2166; x_wconf 82' lang='lat' dir='ltr'>laxius</span> <span class='ocrx_word' id='word_1_109' title='bbox 598 2093 727 2192; x_wconf 83' lang='lat' dir='ltr'>eligere.</span> <span class='ocrx_word' id='word_1_110' title='bbox 767 2095 840 2166; x_wconf 87' lang='lat' dir='ltr'>Post</span> <span class='ocrx_word' id='word_1_111' title='bbox 855 2099 941 2166; x_wconf 80' lang='lat' dir='ltr'>tatia</span> <span class='ocrx_word' id='word_1_112' title='bbox 955 2092 1175 2190; x_wconf 87' lang='lat' dir='ltr'>impedimen·</span> 
     </span>
     <span class='ocr_line' id='line_1_20' title="bbox 357 2191 1170 2290; baseline 0.004 -29"><span class='ocrx_word' id='word_1_113' title='bbox 357 2213 409 2274; x_wconf 86' lang='lat' dir='ltr'>ta,</span> <span class='ocrx_word' id='word_1_114' title='bbox 432 2193 562 2262; x_wconf 88' lang='lat' dir='ltr'>tandem</span> <span class='ocrx_word' id='word_1_115' title='bbox 585 2197 685 2262; x_wconf 82' lang='lat' dir='ltr'>Anno</span> <span class='ocrx_word' id='word_1_116' title='bbox 701 2219 796 2283; x_wconf 85' lang='lat'>1700,</span> <span class='ocrx_word' id='word_1_117' title='bbox 812 2191 891 2286; x_wconf 78' lang='lat' dir='ltr'>jnffu</span> <span class='ocrx_word' id='word_1_118' title='bbox 907 2196 1007 2290; x_wconf 85' lang='lat' dir='ltr'>Regis</span> <span class='ocrx_word' id='word_1_119' title='bbox 1018 2195 1170 2278; x_wconf 86' lang='lat' dir='ltr'>Maximi,</span> 
     </span>
     <span class='ocr_line' id='line_1_21' title="bbox 356 2286 1173 2388; baseline 0.001 -29"><span class='ocrx_word' id='word_1_120' title='bbox 356 2286 492 2360; x_wconf 78' lang='lat' dir='ltr'>difficile</span> <span class='ocrx_word' id='word_1_121' title='bbox 513 2290 578 2359; x_wconf 86' lang='lat' dir='ltr'>hoc</span> <span class='ocrx_word' id='word_1_122' title='bbox 600 2288 654 2358; x_wconf 90' lang='lat' dir='ltr'>sed</span> <span class='ocrx_word' id='word_1_123' title='bbox 677 2289 854 2388; x_wconf 82' lang='lat' dir='ltr'>gloriosum</span> <span class='ocrx_word' id='word_1_124' title='bbox 869 2317 951 2386; x_wconf 89' lang='lat' dir='ltr'>opus</span> <span class='ocrx_word' id='word_1_125' title='bbox 965 2287 1100 2387; x_wconf 85' lang='lat' dir='ltr'>suscepit</span> <span class='ocrx_word' id='word_1_126' title='bbox 1113 2293 1173 2360; x_wconf 90' lang='lat' dir='ltr'>Vir</span> 
     </span>
    </p>
   </div>
   <div class='ocr_carea' id='block_1_6' title="bbox 1230 2225 1239 2394">
    <p class='ocr_par' dir='ltr' id='par_1_6' title="bbox 1230 2225 1239 2404">
     <span class='ocr_line' id='line_1_22' title="bbox 1230 2225 1239 2394; baseline 0 0"><span class='ocrx_word' id='word_1_127' title='bbox 1230 2225 1239 2394; x_wconf 77' lang='lat' dir='ltr'>i</span> 
     </span>
    </p>
   </div>
   <div class='ocr_carea' id='block_1_7' title="bbox 356 2386 1239 2487">
    <p class='ocr_par' dir='ltr' id='par_1_7' title="bbox 356 2386 1239 2487">
     <span class='ocr_line' id='line_1_23' title="bbox 356 2386 1239 2487; baseline 0.001 -28"><span class='ocrx_word' id='word_1_128' title='bbox 356 2387 491 2459; x_wconf 74' lang='lat' dir='ltr'>illustris</span> <span class='ocrx_word' id='word_1_129' title='bbox 514 2391 580 2458; x_wconf 71' lang='grc' dir='ltr'>θη.</span> <span class='ocrx_word' id='word_1_130' title='bbox 605 2388 683 2487; x_wconf 85' lang='lat' dir='ltr'>Joh.</span> <span class='ocrx_word' id='word_1_131' title='bbox 708 2391 904 2463; x_wconf 76' lang='lat' dir='ltr'>Dominicus</span> <span class='ocrx_word' id='word_1_132' title='bbox 921 2386 1080 2473; x_wconf 83' lang='lat' dir='ltr'>Caffinus,</span> <span class='ocrx_word' id='word_1_133' title='bbox 1096 2409 1172 2460; x_wconf 84' lang='lat' dir='ltr'>cunt</span> <span class='ocrx_word' id='word_1_134' title='bbox 1238 2437 1239 2446; x_wconf 26' lang='grc' dir='ltr'><strong>κ</strong></span> 
     </span>
    </p>
   </div>
   <div class='ocr_carea' id='block_1_8' title="bbox 355 2485 1174 2876">
    <p class='ocr_par' dir='ltr' id='par_1_8' title="bbox 355 2485 1174 2876">
     <span class='ocr_line' id='line_1_24' title="bbox 356 2485 1174 2584; baseline -0.002 -26"><span class='ocrx_word' id='word_1_135' title='bbox 356 2487 506 2584; x_wconf 85' lang='lat' dir='ltr'>plurimis</span> <span class='ocrx_word' id='word_1_136' title='bbox 528 2486 546 2557; x_wconf 79' lang='grc' dir='ltr'>ὲ</span> <span class='ocrx_word' id='word_1_137' title='bbox 564 2487 691 2557; x_wconf 83' lang='lat' dir='ltr'>laudata</span> <span class='ocrx_word' id='word_1_138' title='bbox 707 2487 882 2558; x_wconf 83' lang='lat' dir='ltr'>Academia</span> <span class='ocrx_word' id='word_1_139' title='bbox 897 2485 1174 2580; x_wconf 65' lang='lat' dir='ltr'>adjutoribunin·</span> 
     </span>
     <span class='ocr_line' id='line_1_25' title="bbox 355 2581 1174 2678; baseline -0.002 -22"><span class='ocrx_word' id='word_1_140' title='bbox 355 2591 446 2657; x_wconf 78' lang='lat' dir='ltr'>venit</span> <span class='ocrx_word' id='word_1_141' title='bbox 469 2607 575 2655; x_wconf 88' lang='lat' dir='ltr'>autem</span> <span class='ocrx_word' id='word_1_142' title='bbox 603 2587 674 2678; x_wconf 85' lang='lat' dir='ltr'>post</span> <span class='ocrx_word' id='word_1_143' title='bbox 688 2583 866 2656; x_wconf 87' lang='lat' dir='ltr'>exantlatos</span> <span class='ocrx_word' id='word_1_144' title='bbox 888 2583 1066 2655; x_wconf 79' lang='lat' dir='ltr'>immensos</span> <span class='ocrx_word' id='word_1_145' title='bbox 1082 2581 1174 2654; x_wconf 81' lang='lat' dir='ltr'>labo·</span> 
     </span>
     <span class='ocr_line' id='line_1_26' title="bbox 355 2685 1173 2780; baseline -0.004 -25"><span class='ocrx_word' id='word_1_146' title='bbox 355 2708 425 2770; x_wconf 86' lang='lat' dir='ltr'>tes,</span> <span class='ocrx_word' id='word_1_147' title='bbox 455 2686 650 2780; x_wconf 67' lang='lat' dir='ltr'>pertractus</span> <span class='ocrx_word' id='word_1_148' title='bbox 677 2689 815 2755; x_wconf 87' lang='lat' dir='ltr'>maxime</span> <span class='ocrx_word' id='word_1_149' title='bbox 831 2707 1023 2766; x_wconf 83' lang='lat' dir='ltr'>montanos,</span> <span class='ocrx_word' id='word_1_150' title='bbox 1047 2685 1173 2778; x_wconf 87' lang='lat' dir='ltr'>portio·</span> 
     </span>
     <span class='ocr_line' id='line_1_27' title="bbox 355 2777 1174 2876; baseline -0.004 -24"><span class='ocrx_word' id='word_1_151' title='bbox 355 2806 433 2852; x_wconf 88' lang='lat' dir='ltr'>nem</span> <span class='ocrx_word' id='word_1_152' title='bbox 456 2780 634 2853; x_wconf 84' lang='lat' dir='ltr'>Meridiani</span> <span class='ocrx_word' id='word_1_153' title='bbox 657 2781 811 2876; x_wconf 85' lang='lat' dir='ltr'>gradibus</span> <span class='ocrx_word' id='word_1_154' title='bbox 832 2794 872 2865; x_wconf 86' lang='lat'>6,</span> <span class='ocrx_word' id='word_1_155' title='bbox 888 2788 967 2852; x_wconf 90' lang='lat' dir='ltr'>min.</span> <span class='ocrx_word' id='word_1_156' title='bbox 984 2785 1038 2865; x_wconf 88' lang='lat'>18,</span> <span class='ocrx_word' id='word_1_157' title='bbox 1053 2777 1112 2852; x_wconf 88' lang='lat' dir='ltr'>sec.</span> <span class='ocrx_word' id='word_1_158' title='bbox 1126 2803 1174 2871; x_wconf 83' lang='lat'>55,</span> 
     </span>
    </p>
   </div>
   <div class='ocr_carea' id='block_1_9' title="bbox 1234 2772 1238 2842">
    <p class='ocr_par' dir='ltr' id='par_1_9' title="bbox 1234 2772 1238 2868">
     <span class='ocr_line' id='line_1_28' title="bbox 1234 2772 1238 2842; baseline 0 13"><span class='ocrx_word' id='word_1_159' title='bbox 1234 2772 1238 2842; x_wconf 74' lang='lat' dir='ltr'>i</span> 
     </span>
    </p>
   </div>
   <div class='ocr_carea' id='block_1_10' title="bbox 356 2875 1237 2975">
    <p class='ocr_par' dir='ltr' id='par_1_10' title="bbox 356 2875 1237 2975">
     <span class='ocr_line' id='line_1_29' title="bbox 356 2875 1237 2975; baseline -0.005 -24"><span class='ocrx_word' id='word_1_160' title='bbox 356 2884 583 2972; x_wconf 85' lang='lat' dir='ltr'>interceptam,</span> <span class='ocrx_word' id='word_1_161' title='bbox 599 2878 918 2975; x_wconf 85' lang='lat' dir='ltr'>esseHexapodatum</span> <span class='ocrx_word' id='word_1_162' title='bbox 929 2875 1174 2969; x_wconf 60' lang='lat' dir='ltr'>Patimurne.</span> <span class='ocrx_word' id='word_1_163' title='bbox 1235 2929 1237 2972; x_wconf 52' lang='lat'>4</span> 
     </span>
    </p>
   </div>
   <div class='ocr_carea' id='block_1_11' title="bbox 356 2974 1176 3174">
    <p class='ocr_par' dir='ltr' id='par_1_11' title="bbox 356 2974 1176 3174">
     <span class='ocr_line' id='line_1_30' title="bbox 356 2974 1175 3075; baseline 0.001 -31"><span class='ocrx_word' id='word_1_164' title='bbox 356 2974 458 3060; x_wconf 89' lang='lat' dir='ltr'>unde,</span> <span class='ocrx_word' id='word_1_165' title='bbox 474 2977 633 3072; x_wconf 82' lang='lat' dir='ltr'>suppofita</span> <span class='ocrx_word' id='word_1_166' title='bbox 646 2975 805 3075; x_wconf 89' lang='lat' dir='ltr'>graduum</span> <span class='ocrx_word' id='word_1_167' title='bbox 822 2978 1027 3074; x_wconf 83' lang='lat' dir='ltr'>aequalitate,</span> <span class='ocrx_word' id='word_1_168' title='bbox 1042 2982 1102 3046; x_wconf 89' lang='lat' dir='ltr'>uni</span> <span class='ocrx_word' id='word_1_169' title='bbox 1115 3001 1175 3046; x_wconf 88' lang='lat' dir='ltr'>eo-</span> 
     </span>
     <span class='ocr_line' id='line_1_31' title="bbox 358 3075 1176 3174; baseline 0.004 -31"><span class='ocrx_word' id='word_1_170' title='bbox 358 3095 433 3144; x_wconf 83' lang='lat' dir='ltr'>rum</span> <span class='ocrx_word' id='word_1_171' title='bbox 449 3084 649 3173; x_wconf 89' lang='lat' dir='ltr'>contingunt</span> <span class='ocrx_word' id='word_1_172' title='bbox 666 3075 836 3174; x_wconf 85' lang='lat' dir='ltr'>Hexapod.</span> <span class='ocrx_word' id='word_1_173' title='bbox 850 3100 951 3170; x_wconf 78' lang='lat'>57100</span> <span class='ocrx_word' id='word_1_174' title='bbox 968 3107 978 3161; x_wconf 79' lang='lat'>3</span> <span class='ocrx_word' id='word_1_175' title='bbox 1003 3079 1051 3144; x_wconf 89' lang='lat' dir='ltr'>uti</span> <span class='ocrx_word' id='word_1_176' title='bbox 1071 3099 1126 3144; x_wconf 86' lang='lat' dir='ltr'>me</span> <span class='ocrx_word' id='word_1_177' title='bbox 1140 3099 1176 3146; x_wconf 90' lang='lat' dir='ltr'>e·</span> 
     </span>
    </p>
   </div>
   <div class='ocr_carea' id='block_1_12' title="bbox 357 3169 1176 3568">
    <p class='ocr_par' dir='ltr' id='par_1_12' title="bbox 357 3169 1176 3568">
     <span class='ocr_line' id='line_1_32' title="bbox 357 3169 1176 3274; baseline -0.001 -30"><span class='ocrx_word' id='word_1_178' title='bbox 357 3171 473 3244; x_wconf 90' lang='lat' dir='ltr'>docuit</span> <span class='ocrx_word' id='word_1_179' title='bbox 487 3173 575 3242; x_wconf 86' lang='lat' dir='ltr'>idem</span> <span class='ocrx_word' id='word_1_180' title='bbox 590 3181 647 3245; x_wconf 87' lang='lat' dir='ltr'>Vir</span> <span class='ocrx_word' id='word_1_181' title='bbox 664 3197 800 3274; x_wconf 82' lang='lat' dir='ltr'>magnus</span> <span class='ocrx_word' id='word_1_182' title='bbox 813 3181 847 3245; x_wconf 91' lang='lat' dir='ltr'>in</span> <span class='ocrx_word' id='word_1_183' title='bbox 865 3171 1099 3246; x_wconf 81' lang='lat' dir='ltr'>humaniffimia</span> <span class='ocrx_word' id='word_1_184' title='bbox 1112 3169 1176 3244; x_wconf 82' lang='lat' dir='ltr'>suis</span> 
     </span>
     <span class='ocr_line' id='line_1_33' title="bbox 359 3269 1174 3369; baseline -0.002 -25"><span class='ocrx_word' id='word_1_185' title='bbox 359 3271 400 3344; x_wconf 87' lang='lat' dir='ltr'>ad</span> <span class='ocrx_word' id='word_1_186' title='bbox 416 3269 599 3341; x_wconf 74' lang='lat' dir='ltr'>mediteris:</span> <span class='ocrx_word' id='word_1_187' title='bbox 625 3273 645 3344; x_wconf 66' lang='grc' dir='ltr'><em>ἃ</em></span> <span class='ocrx_word' id='word_1_188' title='bbox 666 3299 736 3367; x_wconf 91' lang='lat' dir='ltr'>quo</span> <span class='ocrx_word' id='word_1_189' title='bbox 756 3279 853 3343; x_wconf 87' lang='lat' dir='ltr'>etiam</span> <span class='ocrx_word' id='word_1_190' title='bbox 873 3271 1054 3369; x_wconf 63' lang='lat' dir='ltr'>exspatiata</span> <span class='ocrx_word' id='word_1_191' title='bbox 1077 3270 1174 3363; x_wconf 83' lang='lat' dir='ltr'>jube·</span> 
     </span>
     <span class='ocr_line' id='line_1_34' title="bbox 359 3368 1174 3466; baseline 0.005 -28"><span class='ocrx_word' id='word_1_192' title='bbox 359 3395 433 3440; x_wconf 84' lang='lat' dir='ltr'>mut</span> <span class='ocrx_word' id='word_1_193' title='bbox 447 3375 606 3465; x_wconf 79' lang='lat' dir='ltr'>integram</span> <span class='ocrx_word' id='word_1_194' title='bbox 627 3376 857 3466; x_wconf 81' lang='lat' dir='ltr'>operationum</span> <span class='ocrx_word' id='word_1_195' title='bbox 879 3368 993 3444; x_wconf 79' lang='lat' dir='ltr'>seriem</span> <span class='ocrx_word' id='word_1_196' title='bbox 1009 3394 1084 3444; x_wconf 86' lang='lat' dir='ltr'>cum</span> <span class='ocrx_word' id='word_1_197' title='bbox 1100 3368 1174 3442; x_wconf 80' lang='lat' dir='ltr'>aliis</span> 
     </span>
     <span class='ocr_line' id='line_1_35' title="bbox 360 3459 1174 3568; baseline 0 -28"><span class='ocrx_word' id='word_1_198' title='bbox 360 3471 440 3542; x_wconf 82' lang='lat' dir='ltr'>istuc</span> <span class='ocrx_word' id='word_1_199' title='bbox 456 3459 705 3568; x_wconf 81' lang='lat' dir='ltr'>pcrtinentibus.</span> <span class='ocrx_word' id='word_1_200' title='bbox 1104 3467 1174 3542; x_wconf 76' lang='lat' dir='ltr'>Sed</span> 
     </span>
    </p>
   </div>
   <div class='ocr_carea' id='block_1_13' title="bbox 1233 2981 1237 3082">
    <p class='ocr_par' dir='ltr' id='par_1_13' title="bbox 1233 2981 1237 3082">
     <span class='ocr_line' id='line_1_36' title="bbox 1233 2981 1237 3082; baseline 0 0"><span class='ocrx_word' id='word_1_201' title='bbox 1233 2981 1237 3082; x_wconf 77' lang='lat' dir='ltr'>i</span> 
     </span>
    </p>
   </div>
   <div class='ocr_carea' id='block_1_14' title="bbox 0 0 1326 4225">
    <p class='ocr_par' dir='ltr' id='par_1_14' title="bbox 0 0 1326 4225">
     <span class='ocr_line' id='line_1_37' title="bbox 0 0 1326 4225; baseline 0 0"><span class='ocrx_word' id='word_1_202' title='bbox 0 0 1326 4225; x_wconf 95' lang='lat' dir='ltr'> </span> 
     </span>
    </p>
   </div>
  </div>
 </body>
</html>
