2642 4225
476 237 624 328 Cnpur
660 238 707 307 11.
907 223 913 233 x
964 254 1002 316 23

75 332 82 418 l
160 356 307 447 Scripta
321 358 389 421 tria
406 352 593 425 drachmam
602 344 757 445 factitat,
791 380 851 451 qao
865 353 1001 449 pondere

76 461 77 468 ’
260 492 263 498 -
343 454 437 521 dussis
700 471 703 477 '

76 568 77 573 ’
99 549 103 553 ’
163 554 326 645 Argenti
332 551 595 648 facticissgnatur
607 572 752 620 nummus
763 550 910 620 Athenis.

163 648 274 715 Patet
295 653 372 717 hinc
395 646 555 721 drachma
574 652 689 720 Attica
718 648 875 743 adscripta
906 646 998 722 suilse

165 740 374 839 hujusmodi
388 772 487 844 grana
500 742 705 831 ociodecim,
721 747 916 843 quodetiam
935 772 997 817 nos

169 843 279 913 docet
299 844 492 941 Cleopatra,
523 846 756 929 Dioscorides,
779 844 843 915 alii.
900 849 996 917 facto
1089 911 1093 923 s

75 981 78 992 ι
108 994 111 999 .
163 939 997 1042 ‘sapiusexperimento·,mihiconstat,liorumg‘ra·

75 1055 79 1066 '
171 1056 299 1109 norum
316 1041 399 1112 bene
414 1039 603 1113 siccatorum
613 1043 996 1139 oslodecim,aequipon·

173 1137 290 1208 derare
305 1147 412 1235 granis
430 1140 522 1210 Paris.
537 1150 600 1227 87,
615 1143 779 1210 interdum
795 1148 852 1224 883
867 1140 960 1235 quod
974 1139 999 1234 dx

105 1232 110 1237 ’
175 1236 281 1307 tribus
299 1238 443 1335 scripulis
470 1244 632 1311 Romanis
654 1238 708 1307 seu
739 1242 855 1309 oslava
889 1246 993 1307 uncia

173 1358 265 1431 parte
281 1338 442 1422 multum,
458 1338 474 1408 i
490 1338 644 1409 drachma
658 1362 737 1419 veto
751 1342 858 1407 Attica
877 1360 993 1426 parum

86 1470 91 1476 ·
170 1434 283 1519 abest,
301 1462 336 1505 ut
351 1463 388 1531 ex
405 1434 755 1533 sequentibusparebit.
776 1433 993 1505 Statuendum

173 1540 335 1603 tamenin
355 1542 539 1606 universum
554 1541 708 1631 nideror,
734 1534 784 1605 liis
805 1533 923 1604 talibus
938 1538 990 1603 ni-

75 1723 79 1740 ,
170 1630 222 1698 hil
236 1630 331 1703 s'olidi
344 1631 514 1732 superstrui
527 1633 637 1737 posse,
669 1631 739 1704 nist¹
757 1633 911 1708 accedant
928 1632 990 1703 alia

170 1752 325 1801 certiora.
553 1750 555 1757 “
728 1762 731 1774 ·

251 1829 361 1901 Multo
375 1829 484 1903 saltem
498 1838 630 1904 certiori
643 1832 873 1929 indaginehaec
889 1854 990 1900 vena-

168 1930 201 1996 ri
220 1924 383 1997 liceret'cx
399 1932 529 1999 vetustis
552 1930 718 2023 lapidibus
740 1926 989 2021 ponderalibus,
1023 1992 1027 1999 ,

76 2054 77 2063 ’
167 2048 319 2117 quorum
333 2028 412 2093 teste
427 2031 512 2093 Luca
524 2027 612 2093 Paero
633 2024 660 2122 J·
677 2045 708 2107 5.
720 2024 827 2093 adliuc
852 2028 991 2091 maxima

170 2126 274 2216 c'dpia
288 2119 484 2191 diversatum
503 2119 792 2218 magnitudinuma*
807 2118 900 2190 libris
912 2146 990 2191 cen·

170 2242 246 2288 tum
263 2215 418 2314 usquead
433 2217 578 2305 selibras,
594 2225 746 2304 trientes,
770 2228 805 2290 δι
825 2215 988 2317 quadran-

140 2321 219 2388 ·'tes
235 2320 354 2388 Romae
377 2317 576 2416 conspicitur
592 2349 602 2402 ς
636 2317 736 2388 niodo
758 2316 833 2414 ipsis
847 2327 881 2390 in
897 2341 988 2390 tanta

89 2461 94 2466 -
126 2450 128 2455 ·
155 2419 384 2512 antiquitate,
409 2425 572 2508 continuo
589 2425 699 2488 attritu
714 2419 765 2488 vel
781 2425 987 2501 vicxtetna,
1054 2468 1056 2471 -

153 2513 464 2610 militinensem,
490 2517 555 2586 illis
579 2520 748 2612 inprimis,
773 2521 832 2610 qui
849 2543 919 2586 uno
933 2516 988 2586 vel

169 2611 319 2710 pluribus
333 2615 584 2686 lettersannulis
599 2639 652 2684 aut
668 2611 768 2696 an'srs,
779 2620 815 2680 in
829 2611 987 2708 superiori

158 2715 260 2806 'parte
281 2712 417 2808 plumbo
437 2710 674 2794 ferruminatis,
699 2707 986 2806 suspendebantur.

154 2805 268 2880 ‘Libra
283 2809 553 2896 certe'Romana',
570 2837 668 2907 quam
684 2809 985 2886 Parusindededu-

169 2913 235 2992 xit,
252 2909 440 2981 notabiliter
456 2915 563 2981 minor
579 2913 623 2979 esl
643 2911 700 2994 eb,
726 2933 827 3003 quam
856 2909 917 2981 alia
931 2916 984 2984 in·
1059 2974 1062 2986 .

171 3001 282 3076 dubiae'
335 3006 413 3078 fidei
456 3013 676 3106 experimenta
714 3010 984 3089 commonstrant.

169 3105 303 3176 lllusttis
338 3109 474 3200 quoque
501 3102 696 3178 ¹Peiteslsius
738 3130 886 3202 expertus
937 3114 983 3184 est

170 3228 229 3302 per
243 3201 393 3304 pondera
406 3209 560 3302 antiqua,
572 3203 689 3277 libram
708 3207 895 3283 Romanam
909 3224 984 3280 mo·

806 3346 810 3354 ·
860 3349 866 3357 -
937 3309 985 3378 do
