2642 4225
375 330 421 412 46
540 320 661 389 Sutrio
686 318 710 388 l.
737 316 789 385 Dr
815 308 1040 385 Ponotnirus.

376 453 466 537 cujus
482 446 528 513 tei
542 441 755 515 memorabile
770 442 955 537 exemplum
970 439 1102 512 exhibet
1118 442 1191 519 Du.

377 542 574 625 Boizardus‚
593 544 633 610 de
652 547 779 610 Monet.
795 544 969 635 pag.299.)
984 564 1019 609 ut
1029 564 1190 637 potequz

378 664 446 711 non
468 642 508 711 ab
532 637 685 731 munibus
712 638 774 709 luit
808 637 1046 723 animadversa,
1080 664 1191 735 neque

377 746 465 811 enim
479 739 616 835 amplius
633 742 769 833 pecunia
785 733 1109 831 adpendebatut3sed
1127 764 1189 807 nu·

377 838 570 909 metabatur.
620 832 745 907 Sufficit
761 835 856 905 uobis
870 834 930 905 hac
943 835 986 905 de
1010 860 1045 905 te
1061 841 1189 931 experi-

376 939 498 1005 entiam
514 932 683 1005 indubiam
700 932 807 1003 testari
824 959 834 999 t
864 957 899 1003 ut
920 932 1003 1003 nihil
1018 934 1125 1021 dicam
1147 933 1190 1003 de

376 1038 435 1115 iis,
453 1058 525 1129 quae
541 1030 632 1129 supra
646 1033 688 1102 de
703 1036 935 1101 imminutione
955 1037 1081 1101 nummi
1098 1034 1190 1101 aurei
1238 1074 1242 1080 ·

376 1156 468 1228 aeque
482 1156 519 1201 ac
534 1137 682 1227 argentei
693 1154 731 1199 ex
758 1127 868 1199 Plinio
889 1130 1117 1226 allegavimus,
1152 1139 1189 1200 δε

376 1230 521 1325 quaelruc
533 1234 673 1299 omnino
687 1231 860 1323 pertinent.
910 1234 1025 1323 ltaque
1038 1252 1114 1297 cum
1130 1226 1190 1296 de·

377 1334 459 1401 narii
474 1334 640 1426 gravitatis
654 1320 908 1411 divetlaeellent,
918 1334 951 1397 δε
966 1324 1190 1396 nihilosecius

376 1424 558 1523 promiscua
582 1452 696 1497 eorum
715 1448 792 1495 cum
816 1422 969 1494 drachma
1001 1423 1190 1495 crederetur

377 1525 638 1620 aequipollentia,
665 1521 736 1593 fieri
756 1518 829 1592 sane
851 1522 942 1593 aliter
956 1522 1042 1592 lraud
1058 1530 1188 1619 potuit,

403 1647 477 1693 uam
494 1646 529 1693 ut
542 1646 666 1718 magun
677 1621 757 1691 inde
769 1625 936 1691 orirentur
951 1619 1063 1707 turbae.
1097 1626 1190 1693 Hinc

376 1648 565 1817 Frequenter
588 1720 706 1791 Galeni
737 1717 943 1813 aliorumque
973 1718 1186 1795 Medicorum
1238 1714 1241 1721 ’

377 1820 536 1915 querelae,
566 1822 695 1914 quoties
714 1806 975 1889 antecedentium
1000 1815 1121 1889 formas
1136 1844 1189 1888 re·

376 1918 561 1991 mediorum
580 1914 775 2009 referebant.
821 1916 969 1987 Unicum
994 1916 1111 1987 Galeni
1135 1917 1190 2001 lo-¹

376 2042 453 2089 curn
468 2016 603 2116 allegare
616 2013 687 2087 latis
701 2022 762 2086 etit
784 2014 802 2085 e*
825 2014 882 2086 lib.
904 2041 928 2103 ς.
943 2040 971 2085 c.
993 2040 1019 2106 3.
1041 2012 1188 2086 de'mssde

373 2112 521 2214 tompus.
534 2114 592 2188 sec.
608 2114 686 2213 gen.¹
707 2122 837 2186 Etenim
852 2119 956 2184 Heras
974 2115 1190 2206 reilefacienr

376 2222 515 2285 emnium
526 2215 769 2310 pharmacorum
793 2215 910 2311 pondus
930 2221 964 2281 in
978 2215 1123 2282 denarios
1137 2237 1189 2299 ref·

375 2314 471 2410 degit.
524 2318 612 2379 Crito
625 2332 733 2382 aurem
746 2313 960 2407 ampelitidem
972 2331 1095 2384 terrum
1109 2364 1120 2395 ,
1137 2312 1192 2381 bi·

257 2446 263 2465 s
367 2431 502 2493 rumen,
516 2411 810 2506 argentispumnm,
837 2429 898 2477 nou
905 2431 971 2505 pro:
981 2406 1198 2480 denariorum

372 2508 507 2605 pondere
513 2507 654 2602 Yorrpstt,
681 2508 721 2576 ed
733 2507 810 2577 duur
817 2513 1121 2608 fingulorum-minau
1136 2517 1187 2578 iu-

369 2606 525 2693 jicienda
539 2607 667 2696 confiuit.
701 2610 830 2700 (Heras
843 2632 904 2704 pro
918 2605 1190 2678 dimidiatrcom-

374 2703 536 2800 positione
553 2702 648 2798 hujus
663 2705 911 2788 medicamenti,
942 2713 1097 2777 nimirum
1117 2729 1191 2778 ent··

375 2801 484 2900 plastri
497 2799 603 2898 lcesrj‚
617 2800 816 2901 singulorum
826 2805 976 2878 denarios
985 2829 1117 2876 centum
1126 2831 1188 2903 po·

374 2897 436 2971 suit
448 2903 466 2991 )
497 2908 550 2970 At
573 2899 614 2971 ab
628 2901 679 2970 his
692 2901 890 2994 dtffintiunr,
916 2911 974 2999 qui
988 2905 1029 2973 de
1039 2905 1189 3002 ponderi·

374 2996 431 3069 bus
446 2999 483 3074 ὅ
498 3003 649 3090 mensuris
657 3003 864 3096 scripserunt,
891 3025 1047 3098 quantum
1066 3005 1191 3073 videli-
1237 3000 1241 3054 ἱ

351 3138 352 3144 1
374 3117 424 3166 ret
438 3103 525 3166 mino
534 3099 653 3193 pondus
666 3101 804 3188 existar:
824 3106 966 3171 nonnulli
977 3110 1061 3171 eninr
1069 3104 1192 3194 sende·
1237 3086 1242 3175 l

373 3200 437 3264 cim
451 3201 618 3267 unciarum
632 3198 686 3290 effe
699 3199 827 3286 dicunt,
837 3201 969 3297 quidam
982 3207 1101 3299 viginti
1107 3231 1117 3285 3
1126 3207 1191 3287 ulr'j

372 3299 471 3368 etium
488 3293 712 3389 distinctionem
731 3300 881 3396 ficiunt,
918 3299 1191 3372 Alexandrinam

1073 3421 1191 3497 ponen-
