2642 4225
453 298 603 369 Curur
652 304 701 371 11.
954 326 995 387 ²7

89 506 91 511 ι
137 416 298 491 casrone
318 416 463 491 dvitiosa
481 418 618 494 bilance.
670 423 789 511 Parum·
805 422 906 519 igitur
920 420 994 493 sub·

136 516 220 614 fidij
254 544 308 591 ex
336 520 395 589 hac
411 541 498 615 parte
515 516 632 613 sperari
652 542 804 615 poterat,
835 517 893 591 nist
925 524 995 597 Dn.

136 623 331 701 Anzout,
345 624 393 687 vir
409 614 629 700 doiiissirnus,
653 627 687 688 δι
709 622 744 687 in
766 624 994 713 experimentis

136 715 336 790 faciendis
352 714 454 811 probe
470 722 674 798 exercitatus,
697 712 784 786 suant
802 722 899 789 etiam
914 742 994 813 ope·

137 840 227 891 ram
248 814 316 882 hic
330 808 466 883 locaffet.
493 819 646 909 Expertus
661 819 689 884 is
703 816 768 895 est,
794 839 910 910 aquam
919 812 994 884 fon·-

140 936 285 983 tanam
302 913 337 981 di
353 916 467 995 Treui,
483 937 581 1007 qnam
598 919 736 1011 congius
756 937 909 1009 ceperat,
932 908 993 984 effe

139 1009 334 1083 librarum
353 1009 445 1082 Paris.
462 1019 573 1085 6rcum
589 1018 693 1081 unciis
716 1040 763 1096 12,
778 1009 890 1109 gtoffit
905 1037 941 1098 7,
958 1021 993 1084 δε

143 1112 286 1206 granis
301 1114 363 1197 483
380 1106 442 1179 sive
469 1116 636 1179 unciarum
665 1111 759 1182 Paris.
783 1134 863 1197 109,
886 1115 993 1184 minus

76 1230 82 1297 ὲ
144 1215 285 1303 granis
302 1233 343 1296 24
353 1262 363 1291 ,
373 1206 522 1302 adeoque
536 1232 665 1303 gratior.
680 1205 773 1280 Paris.
788 1221 909 1291 62760.
920 1210 994 1277 Un-

76 1298 78 1315 '
146 1313 227 1375 ciae-
250 1312 361 1401 itaque
378 1310 537 1379 Romanae
557 1311 659 1377 veteri
682 1328 875 1403 competunt
894 1330 995 1403 grana

150 1400 343 1496 Parifi523.
358 1403 773 1499 Haudquaquamdubito,
791 1402 995 1498 quinhaeco-

76 1514 79 1597 p
152 1502 995 1601 mniasuriradiligentiaiDn.Auzoutfuerintpet-

154 1604 267 1683 adia,
282 1601 431 1695 adeoque
452 1601 577 1673 duabus
594 1601 859 1675 antecedentibus
872 1600 890 1674 d
905 1603 994 1674 Paeto

128 1702 207 1770 ’δι
237 1698 451 1793 Vilialpando.
466 1699 559 1773 faeiis
584 1699 865 1776 observationibus
893 1700 996 1803 longe

155 1796 238 1868 sit-rt
263 1798 503 1894 anteponenda.
557 1804 724 1895 Aquatum
747 1825 855 1872 tamen
878 1797 998 1871 natura⁴

158 1922 302 1965 novum
318 1894 455 1991 suggerit
470 1896 607 1967 dubium
624 1926 632 1965 t
653 1924 736 1994 aqua
751 1896 838 1969 enim
855 1898 1002 1970 fluvialis

163 2002 213 2065 δι
237 1994 386 2087 pluvialis
412 1995 515 2063 levi'or
535 1996 581 2061 est
607 1994 809 2087 aliquantum
843 1994 996 2079 fontana,

165 2112 398 2183 praetereaque
414 2114 530 2158 omnes
539 2088 708 2181 liquoresd
721 2087 841 2186 frigore
849 2089 995 2187 conden-

169 2188 259 2267 sari,
275 2179 413 2258 a'ealore
434 2211 512 2258 vero
534 2186 660 2258 dilatati
680 2210 804 2258 certum
822 2189 884 2271 est,
909 2185 1002 2268 unde,

76 2343 78 2372 ,
170 2309 330 2381 tempore
346 2283 495 2378 hyberno
510 2310 600 2380 aquae
623 2283 794 2360 centesima
814 2285 1021 2384 quadrage-t

76 2393 77 2410 ³
173 2379 994 2485 fima(uiparteponderofioresreperiunturquam

172 2485 290 2553 astate.
306 2479 443 2555 Confer.
460 2490 671 2554 commentar.
684 2487 791 2559 Acad.
801 2491 995 2584 Scient.Reg.

174 2588 268 2653 Ann.
291 2595 379 2669 1699.
394 2606 464 2680 pag.
480 2588 531 2670 48.
583 2581 724 2673 Quodsi
739 2610 816 2680 ergo
836 2607 995 2678 ponamus

76 2685 77 2691 ’
175 2685 436 2774 experimentum
452 2683 518 2750 Du.
536 2683 669 2752 Auzout
684 2676 905 2754 fastumfuiffe
916 2679 996 2770 hye-

175 2779 255 2846 mali
277 2801 439 2874 tempote‚
463 2785 605 2876 primurn
628 2804 706 2849 veto
726 2780 836 2874 congii
859 2803 993 2851 examen

176 2875 257 2946 oiim
275 2878 479 2960 institutum,
493 2902 640 2978 tempore
654 2878 782 2960 aestivo,
794 2875 992 2972 sequeretur,

177 2973 394 3047 differentiam
410 2995 550 3072 quatuor
564 2999 742 3071 granorum
762 2975 839 3081 inde
872 2979 907 3048 in
930 3002 992 3048 un-

178 3077 262 3143 ciam
288 3099 325 3143 ex
356 3073 580 3145 observatione
598 3077 665 3144 Dn.
680 3078 812 3147 Auzout
825 3081 993 3148 iuventam

76 3231 77 3266 r
177 3169 377 3249 redundare,
398 3173 517 3266 quibus
531 3170 650 3244 scilicet
660 3180 789 3272 gravior
803 3174 993 3248 redderetur

178 3266 264 3364 teti.
290 3267 542 3371 Dispiciendum
558 3275 654 3348 etiam
671 3271 885 3369 effet,annoo
901 3273 991 3345 idem

305 3413 307 3423 -
858 3370 1002 3475 pongi'uu,
