2642 4225
275 342 347 463 ’ςᾷ
459 374 575 446 Sacrro
599 374 623 441 1.
649 372 701 440 Dr
727 370 951 441 Ponnrnraua.

299 498 443 591 perstites
465 497 671 593 appendere,
699 524 737 568 ex
762 492 865 591 iisque
893 493 1120 591 ponderatus

301 594 461 665 braeorunr
478 595 659 676 deducere,
685 596 863 666 multorum
881 594 1035 665 hauenus
1052 592 1118 665 fuit

299 697 494 764 institurum.
565 700 656 764 Arias
678 700 857 767 Montanus
877 690 966 763 sunm
1011 720 1118 787 exem·

301 791 412 887 pium,
434 792 527 887 quod
547 793 657 862 multis
680 796 795 863 madert
812 791 925 886 elogiis
953 796 1119 887 Antiquit.

299 892 428 988 Judaic.
450 919 520 987 pag.
550 905 614 961 126.
638 898 764 961 invenit
786 890 1051 985 aequiponderare
1072 888 1090 961 s
1102 932 1118 947 -

301 999 438 1060 munciae
461 990 662 1085 (Hispanicae
693 990 807 1087 procul
834 991 956 1071 dubio,
975 1013 1045 1080 quae
1067 1014 1119 1059 re·

301 1085 440 1183 spondet
454 1095 561 1185 granis
581 1084 678 1255 Pap
692 1088 785 1183 270,)
802 1110 989 1183 quanquam
1008 1086 1118 1157 villal-

301 1185 590 1283 pandusaffirmet,
610 1186 630 1255 ii
659 1210 884 1281 rcompertum
900 1182 973 1269 esse,
990 1185 1117 1278 aliquot
1202 1248 1203 1251 ,
1227 1281 1229 1289 ¹

301 1287 446 1381 granulis
475 1312 550 1355 eum
575 1283 722 1356 defecisse
737 1284 755 1356 d
772 1286 855 1376 justo
870 1283 1037 1355 sernuneiae
1056 1289 1129 1354 Hi·-

301 1384 436 1478 spanicae
459 1387 614 1479 pondere.
666 1383 733 1477 lpse
756 1381 978 1477 Villalpandus
999 1385 1120 1451 multos

303 1482 481 1575 appendit„
489 1485 715 1575 comperitque
732 1478 1012 1577 srngulos'argenri
1027 1478 1119 1551 siclos

303 1604 341 1649 ex
371 1604 467 1671 equo
496 1577 665 1647 semuneiae
693 1582 851 1648 Romanae
879 1578 1046 1649 hodierna
1068 1604 1119 1649 re·

301 1675 485 1769 spondere,
508 1679 552 1745 ‘rra
576 1700 612 1744 ur
638 1702 678 1745 ne
701 1680 873 1745 minimum
890 1677 1023 1770 quidem
1041 1676 1118 1747 hor·
1176 1738 1188 1747 ,
1239 1710 1241 1719 ,

301 1774 354 1868 dei
369 1793 423 1840 aur
438 1771 592 1843 frumenti
613 1774 785 1867 granulrrm
811 1772 887 1844 huic
904 1775 953 1843 vel
968 1776 1015 1843 illi
1031 1775 1117 1847 lanei

301 1870 377 1941 addi
392 1878 555 1965 potuerit,
575 1898 655 1967 quin
680 1877 714 1941 in
738 1896 807 1941 eam
823 1898 956 1942 examen
973 1898 1114 1969 propen-

301 1971 414 2051 deretr
437 1968 565 2040 eosdem
583 1997 732 2065 praererea
749 1969 766 2041 d
783 1967 904 2039 summa
932 1977 1117 2067 integritate

301 2069 520 2140 commendat.
543 2067 813 2158 ConfiTom.111.
825 2069 844 2139 l.
856 2096 883 2140 2.
897 2065 1016 2168 disp.4.
1031 2076 1118 2144 c.28.
1161 2148 1173 2158 ν
1237 2088 1240 2105 ’

301 2191 365 2263 pag
382 2193 452 2256 397·
478 2170 663 2264 AEquivalet
685 2196 762 2240 vero
784 2166 946 2240 semuncia
965 2173 1116 2240 Romana

301 2266 464 2336 hodierna
480 2273 586 2361 granis
607 2265 700 2336 Paris.
726 2280 801 2354 267.
855 2265 1045 2338 Mersennus
1067 2272 1122 2338 et-'

301 2371 381 2450 iam,
410 2364 620 2454 deponeret
637 2365 742 2436 Mens.
765 2391 798 2462 p.
814 2393 856 2438 21.
887 2371 1029 2462 argentei
1049 2359 1118 2436 sicli
1167 2355 1172 2366 ¹
1237 2438 1239 2448 ,

301 2466 396 2536 valde
410 2471 548 2559 integri,
571 2488 609 2536 ut
629 2465 728 2536 verba
750 2475 817 2558 ejus
833 2463 966 2548 habent,
983 2463 1114 2561 pondus
1214 2507 1240 2560 χ,

301 2564 517 2659 deprehendit
534 2587 663 2662 granor.
679 2561 771 2635 Paris.
787 2576 855 2638 268.
904 2567 984 2634 Tres
1006 2569 1117 2658 iraque

302 2663 352 2730 hae
380 2661 531 2735 siclorum
551 2662 803 2759 ponderationes
827 2661 903 2735 satir.
922 2661 1006 2734 belle
1030 2667 1116 2732 inter

302 2756 332 2827 se
347 2767 559 2836 conveniunt.
597 2761 659 2831 Sed
677 2765 852 2832 enormiter
872 2759 912 2831 ab
928 2761 1039 2832 iisdem
1066 2786 1118 2831 re·-

301 2857 389 2926 cedir
413 2867 669 2954 experimentum
708 2855 912 2930 literariffimi
934 2859 1108 2944 Bernardi,

302 2960 374 3039 eui,
393 2980 429 3025 ut
443 2957 508 3052 ipse
524 2965 587 3044 ait,
608 2956 732 3030 solicite
750 2958 949 3054 ponderanti
969 3015 977 3046 ,
1001 2961 1116 3029 Tetra-

278 3086 280 3092 ι
302 3051 495 3140 drachmum
510 3082 696 3154 argenteum
709 3055 935 3142 Hebraeorum,
954 3055 1117 3128 chanete-

302 3176 338 3246 re
351 3155 541 3224 Samaritico
563 3180 733 3241 notatum,
750 3155 854 3226 Siclus
874 3155 967 3228 verus
991 3152 1116 3248 Moysis

303 3258 339 3323 δι
356 3249 544 3350 Judaeotum
558 3251 860 3328 omnibur'saeculiaa
871 3255 958 3339 mole
976 3251 1027 3325 sua
1049 3280 1075 3340 r,
1085 3279 1116 3328 2.

303 3348 466 3423 semuncia
481 3350 620 3448 Angliea
633 3357 760 3450 argenti
772 3357 944 3428 inuentum
963 3355 1019 3437 est,
1037 3351 1069 3424 h.
1087 3380 1116 3426 e.
1193 3417 1195 3422 .

728 3475 731 3488 ·
984 3510 988 3520 .
1018 3473 1117 3552 grana
