2642 4225
296 324 299 331 ·
328 298 371 379 fi
485 248 605 361 Stctto
629 278 655 363 s.
680 292 733 361 Dr
759 278 989 363 Poumurrus,

210 446 217 452 -
336 406 381 475 est
394 404 621 479 consulendus.
670 406 889 479 Conveniunt·
912 412 1012 504 igitur
1030 402 1085 477 nii
1103 402 1159 481 so·

338 502 408 579 lido
421 530 518 601 grana
535 503 628 575 Paris.
643 507 721 606 863.
770 504 834 575 Sed
849 502 978 599 appensi
995 500 1099 598 plures
1111 506 1159 591 ,d

341 609 564 681 constantinis
590 608 690 706 nsque
720 610 762 682 ad
788 614 997 693 Honoriurn,
1020 616 1157 706 optimae

340 730 445 794 notu,
462 706 589 779 nonnisi
604 736 701 805 grana
715 715 778 797 84,
809 714 969 797 rarius185
996 714 1031 778 δι
1057 710 1156 805 paulo

339 808 421 877 ultra
457 806 663 880 exhibebant.
715 810 767 877 fist
798 831 946 903 practerea
967 805 1053 900 apud
1087 810 1157 880 Dn.

338 906 524 975 bouteroiie
539 930 607 1001 pag.
624 930 684 995 130.
699 902 800 1002 figura
815 908 930 1001 ‚Exagii
946 901 1155 987 aerei,sotma

338 1003 512 1098 quadrata,
528 1002 619 1097 quod
632 1002 673 1074 ab
687 1028 752 1073 una
767 1004 849 1073 facie
866 1003 963 1080 haber
976 1008 1154 1098 imaginem

338 1110 372 1173 dc
387 1126 510 1171 nomen
531 1106 694 1194 Honorij,
725 1100 766 1171 ab
788 1101 885 1171 astera
907 1100 984 1171 verb
1012 1123 1154 1173 moneta:
1235 1110 1240 1118 '

277 1258 280 1269 χ
339 1222 451 1296 typum
468 1222 543 1269 cum
570 1199 764 1297 epigraphe,
796 1201 1006 1268 EXAGIVM
1034 1202 1154 1270 SOL!-

334 1300 392 1369 Dl.
443 1295 683 1369 Pondusculum
697 1296 760 1368 boc
777 1294 875 1367 babet
888 1320 987 1395 grana
1002 1295 1151 1389 Patis83,

335 1393 402 1493 ipsd
416 1420 524 1467 tamen
548 1400 616 1467 Du.
641 1396 826 1465 Boureroiie
849 1391 988 1474 fatetur,
1024 1395 1153 1491 aliquid

333 1491 393 1590 ipsi
409 1520 464 1591 pet
482 1518 607 1565 aerarem
632 1487 800 1563 deceffiffe.
846 1493 959 1563 Simile
992 1496 1152 1591 Eraginm

333 1593 466 1663 exhibet
481 1614 614 1685 quoque
630 1591 830 1676 Molinerus,
847 1590 967 1661 Cabin.
984 1593 1026 1661 de
1050 1594 1081 1662 la
1096 1596 1152 1663 Bi·

333 1688 746 1761 blioth.deS.Genevieve.
763 1714 834 1785 pag.
849 1701 897 1782 65.
914 1686 967 1759 sed
979 1689 1150 1761 nonaddi·
1178 1712 1189 1735 ¹
1239 1704 1240 1710 ’

333 1812 369 1858 to
387 1796 454 1880 ejus
470 1787 624 1884 pondere.
651 1791 703 1858 An
724 1812 804 1858 reto
818 1788 882 1857 hoc
899 1788 1078 1858 solidorum
1092 1814 1151 1859 au·

335 1908 464 1957 reorum
481 1886 610 1983 pondus
626 1885 752 1981 aliquid
774 1910 830 1982 per
849 1908 974 1957 aetatem
998 1886 1150 1980 perdide·

331 1991 392 2055 rite
407 1992 462 2055 a'ut
479 1983 519 2055 ab
533 1989 632 2055 initio
649 1983 806 2056 refertum
820 1982 919 2054 fuerit
934 1984 975 2057 de
997 1984 1148 2083 legitimo
1239 2003 1240 2014 ¹

331 2083 476 2182 pondere
492 2106 552 2180 pto
566 2084 657 2155 lucro
680 2085 837 2179 Principis
871 2090 906 2154 δε
939 2080 1149 2156 resarciendis

331 2179 531 2278 sumptibus,
549 2205 603 2251 aur
620 2171 752 2252 dentum
774 2182 856 2252 libra
876 2181 1147 2280 ipsadecrevetir,
1239 2182 1240 2273 ζ

330 2277 463 2350 difficile
479 2281 524 2350 est
542 2276 683 2357 asserere.
1031 2302 1038 2317 ’

402 2381 525 2450 Rarum
547 2383 679 2448 interim
704 2402 850 2466 maneat,
880 2378 1164 2476 magnitudinem·
1226 2394 1229 2398 ‘

329 2479 431 2570 unciae
446 2479 604 2546 Romanae
619 2483 733 2548 vetetis
749 2503 805 2574 per
818 2479 1146 2576 denariosargenreot
1172 2543 1178 2554 .
1208 2556 1210 2562 ,
1238 2488 1240 2571 ᾖ

328 2578 494 2644 inventam
512 2581 546 2644 bc
563 2599 620 2670 per
636 2577 805 2647 meliorem
821 2598 945 2672 partem
970 2601 1144 2648 aureorum
1239 2576 1240 2581 ’

327 2695 538 2742 nummorum
570 2675 849 2772 comprobatam,
881 2677 1040 2748 nimitum
1078 2697 1143 2766 5²0

324 2795 456 2866 granor.
475 2767 568 2840 Paris.
583 2771 643 2842 esst
663 2799 745 2845 verae
768 2776 959 2869 proximam.
1010 2777 1050 2844 Et
1065 2774 1144 2845 licet

327 2873 465 2964 congius
481 2863 685 2941 Fatnesranus
699 2895 768 2942 eam
791 2869 894 2941 tribus
911 2877 1020 2970 granis
1043 2898 1143 2968 auge·

225 3022 227 3030 s
325 2989 360 3034 te
374 2967 540 3063 videatur,
556 2968 647 3038 aliud
666 2991 774 3039 tamen
791 2971 905 3040 nosttae
921 2973 1143 3069 magnitudini

322 3069 456 3160 propius
471 3065 661 3162 apparebit,
693 3062 807 3136 simon
828 3092 910 3163 aqua
932 3066 1066 3140 fontana
1084 3063 1141 3140 sed
1239 3050 1240 3117 Ὗ

278 3233 279 3242 ,
319 3159 458 3233 fluvialia
473 3162 684 3247 adhibeatur,
700 3186 736 3234 ut
750 3165 834 3235 nibil
850 3169 954 3239 dicam
971 3166 1012 3236 de
1039 3171 1140 3237 tatio·

220 3293 234 3312 ·-
319 3259 417 3334 nibus
431 3258 523 3360 supra
538 3260 641 3334 allatis
649 3267 734 3336 circa
748 3261 943 3363 ernfionem.
966 3271 1061 3358 Quin
1077 3290 1139 3361 po·

1068 3385 1137 3435 ΚΜ
