2642 4225
85 1002 92 1271 i

421 392 569 465 cnut
618 396 691 463 111.
923 400 967 484 '41

147 518 282 595 Galerio
302 514 477 617 vulgariter
494 516 664 613 adscripti,
691 512 866 612 Cleopatra
883 522 967 590 item

150 618 193 688 de
207 616 355 689 mundic.
371 625 406 689 dc
420 615 646 693 Dioscorides,
670 614 723 685 vei
738 620 823 684 inter
845 618 967 688 medias

155 716 450 801 contradictiones,
471 729 504 787 16
522 720 632 789 uncias
653 718 749 782 minae
762 711 900 787 Medicae
913 717 967 788 seu

153 815 270 885 Atticae
285 812 474 888 attribuunt.
524 810 680 886 Similiter
699 810 777 880 hinc
800 835 905 907 patet,
930 820 968 887 iu

152 908 238 981 libra
251 915 402 983 Romana
415 936 523 984 vetere
540 914 704 985 contineri
722 907 890 983 drachmas
909 913 969 988 Atss

153 1012 235 1079 ticat
251 1030 314 1098 75,
330 1010 416 1079 unde
430 1016 547 1082 iterum
563 1004 729 1081 manifesta
740 1005 778 1077 fit
789 1032 903 1087 eorum
918 1037 968 1082 ta·

156 1111 225 1191 tio,
250 1112 307 1203 qui
323 1107 411 1178 libtae
424 1110 560 1179 totidem
580 1106 748 1179 drachmas
767 1105 970 1183 adscribuutt

156 1208 296 1276 Fannius
314 1202 479 1303 (equentia
493 1207 601 1278 habet.
730 1292 735 1299 .

205 1372 281 1438 Hec
293 1396 403 1471 magna
417 1377 512 1441 Latio
524 1369 608 1444 libre
623 1372 683 1461 est,
692 1373 842 1468 gentique
849 1386 965 1466 tegete.

204 1473 325 1539 Attica
342 1497 417 1540 nam
433 1477 535 1557 minor
548 1471 600 1562 est.
649 1474 709 1538 Dr
735 1492 871 1564 qumque
884 1467 968 1537 hanc

338 1571 470 1665 denique
484 1570 667 1645 drachmis,
847 1576 851 1579 ’

208 1670 254 1734 Ee
269 1688 320 1737 ter
332 1675 453 1742 vicenis
466 1669 602 1737 tradunt
620 1672 774 1764 explerier
787 1691 896 1739 unam.
949 1689 952 1695 ’

158 1765 336 1863 Priscianus
352 1799 468 1877 etiam,
483 1792 539 1867 lib.
556 1794 597 1865 dc
611 1794 667 1891 fig.
693 1802 726 1867 δι
739 1810 828 1865 nom.
842 1818 970 1866 numer.

80 1927 81 1975 r
158 1890 281 1975 Libra,
296 1898 424 1986 inquit,
438 1896 493 1961 vel
507 1901 593 1961 mina
608 1902 744 1983 Attica,
759 1894 913 1962 drachma
920 1893 973 1981 fe·

80 1984 83 2003 '
157 1996 325 2085 ptuaeginta
342 1996 487 2083 quinque.
540 1988 641 2056 Libra
667 1994 721 2057 uel
735 1996 835 2057 Mina
851 1995 974 2071 Grajc,

79 2229 82 2332 i

160 2086 492 2180 drachmenonaginea
502 2085 572 2175 sex.
586 2084 738 2178 Uterque
746 2105 853 2155 tamen
862 2088 975 2156 audior

161 2182 288 2276 aliquid
305 2183 440 2250 monstri
463 2183 546 2272 alere
574 2183 656 2250 mihi
689 2181 827 2256 videtur.
874 2182 975 2254 Haud

160 2277 263 2351 dubie
279 2285 313 2350 in
328 2301 473 2350 veterum
489 2277 612 2377 scriptis
627 2280 973 2368 invenerant,iibrarn,

159 2377 227 2450 scil.
244 2382 345 2450 Rom.
361 2377 655 2450 drachmireitticis
670 2405 707 2475 75
721 2379 883 2476 aequalem.
895 2377 976 2467 effe3

160 2483 215 2548 cui
228 2503 266 2548 ex
276 2482 414 2574 propriis
424 2474 657 2574 hypothefibus
669 2478 886 2554 attribuerunt
895 2501 975 2575 pau·

79 2629 80 2632 ,
160 2576 196 2648 io
211 2599 284 2646 ante
298 2575 467 2647 drachmas
482 2589 534 2667 96.
561 2577 659 2648 Aliud
668 2584 778 2672 itaque
785 2603 878 2674 agere
886 2574 976 2648 haud

128 2718 130 2722 -
159 2697 364 2773 potuerunt,
398 2699 498 2768 quam
520 2671 644 2772 fingere
658 2675 774 2746 libram
789 2674 982 2746 :i-Rotnana

161 2771 318 2845 diversam
329 2825 339 2857 ,
350 2777 491 2844 Atticam
507 2779 675 2844 nimitum.
725 2777 812 2867 Qis
827 2797 904 2844 uero
915 2796 978 2844 uu·

116 2935 118 2940 ,
161 2897 260 2968 quam
276 2873 439 2944 inaudivit
454 2871 495 2943 de
503 2872 584 2942 libra
601 2874 717 2943 Atticis
731 2869 855 2956 usitata,
865 2867 977 2942 saltem

145 3057 148 3060 Ι
164 2994 240 3041 ante
255 2967 479 3042 Rornanorum
493 2974 528 3040 in
543 2973 674 3041 Graecos
694 2969 894 3066 imperiutti?
918 2972 977 3041 Per

163 3067 282 3140 libram
296 3073 395 3166 igitur
406 3073 546 3140 Atticam
561 3093 632 3156 non
649 3067 711 3138 alia
726 3067 780 3139 hic
793 3067 979 3167 inteliigeu·

166 3165 207 3238 da
223 3169 269 3239 est
284 3193 383 3262 quarn
400 3170 553 3238 Romana
574 3171 608 3239 iu
630 3165 793 3237 drachmis
815 3169 932 3240 Atticis
945 3193 979 3238 a·

164 3264 253 3338 liovc
268 3264 413 3362 pondere
448 3267 559 3336 Attico
579 3260 728 3361 expreisa.
777 3267 884 3366 Nugae
906 3266 982 3337 sunt

129 3419 143 3436 ..
166 3387 240 3460 quat
266 3360 442 3439 Priscianus
463 3363 560 3438 docet
582 3361 624 3434 de
655 3361 864 3438 distinetione
894 3370 980 3433 inter

573 3461 605 3535 C
629 3485 648 3562 5
856 3464 980 3532 mittam

344 3827 351 3862 ἰ
595 3791 601 3834 i
