2642 4225
364 322 402 388 28
516 315 636 385 secero
661 322 685 387 l.
710 317 761 385 Du
788 313 1012 389 Pououumtis.
1068 324 1072 329 ’

295 469 297 479 ⁴
362 442 498 539 congius
509 439 530 510 ‘l
543 439 747 539 longevitate
761 438 798 513 stt
824 438 951 525 exesus3
977 444 1131 515 cavitates
1143 469 1183 516 e·

362 544 431 611 nim
447 544 482 609 iu
500 542 675 636 parietibus
689 544 826 611 internis
842 540 920 611 iude
943 565 1063 610 exortae
1090 546 1181 635 justo
1235 622 1238 625 ⁴

361 648 463 732 majus
478 636 650 707 redderent
671 635 769 735 ipsrus
784 640 940 710 volumen
955 667 964 709 t
979 643 1075 709 rimas
1088 665 1182 715 cette

275 816 280 826 Ι
360 760 435 807 eum
451 734 543 833 egille
558 760 596 806 ex
610 735 818 831 Villalpando
832 740 1039 833 constatsqui
1055 763 1107 809 eas
1121 765 1181 811 ce·

359 858 393 905 ra
410 834 505 905 rubra
519 834 672 905 obturate
686 833 807 907 necesse
826 835 952 909 habuit·
1005 837 1091 907 Utut
1114 835 1176 925 stt,

358 954 466 1029 patere
481 930 559 1002 hinc
580 933 827 1004 existimandum
845 936 889 1005 est
911 918 1179 1030 magniludiuem,

304 1067 316 1085 =·
357 1036 462 1103 unciae
478 1034 653 1115 Romanae,
669 1029 691 1099 sr
707 1057 774 1103 non
789 1033 943 1102 omnibus
959 1033 1175 1105 numeritab·

356 1125 515 1213 solutam,
531 1126 640 1199 saltem
656 1128 675 1199 a*
691 1134 764 1200 v‘era
779 1155 891 1227 parum
906 1130 1120 1201 aberrantem.
1173 1217 1177 1221 Α
1206 1126 1211 1134 ’

428 1223 701 1326 Confugiendum
722 1230 767 1299 est
791 1228 923 1299 tandem
944 1228 995 1299 ad.
1015 1228 1177 1319 ultimum,

354 1322 554 1423 presidium,
568 1322 751 1422 sacramque
764 1327 865 1397 veluti
879 1325 1073 1411 anchoram,
1094 1330 1172 1398 Nu·
1236 1322 1240 1327 ’

354 1422 498 1494 mismata
515 1428 667 1494 nimitum
683 1450 827 1496 veterum
844 1429 1082 1497 Romanorum.
1103 1431 1170 1497 Ve.

353 1516 595 1591 tulbiffiuiorum
619 1546 714 1621 typos
728 1524 824 1595 nobis
838 1524 929 1594 dedit
957 1526 1022 1592 Du.
1046 1527 1167 1596 Boute-
1240 1597 1243 1621 1

351 1622 452 1705 tolie,
472 1622 602 1715 Regum
619 1622 821 1715 temporibus
835 1620 984 1693 tusorum
1010 1621 1061 1691 vel
1077 1620 1168 1694 suso·

351 1741 450 1803 turn,
482 1716 582 1812 usque
612 1720 652 1789 ad
675 1720 914 1811 Quadtullem3
945 1746 982 1789 ex
997 1718 1117 1815 quibus
1133 1723 1165 1793 se
1226 1763 1229 1769 ·

343 1814 540 1920 ⁸comperisse
556 1815 656 1902 dicit,
679 1824 807 1889 unciam
823 1842 902 1889 tunc
916 1826 1073 1916 temporis
1087 1846 1166 1890 ean·
1237 1807 1243 1834 ³

351 1914 425 1984 dem
441 1910 588 1985 exstitisse
601 1940 676 1987 cum
693 1915 851 2002 hodierna
867 1914 1022 2001 Parifina‚
1036 1914 1089 1987 sed
1105 1943 1162 1987 ex·
1222 1965 1226 1970 -

347 2009 445 2109 pulsis
459 2010 625 2111 Regibus,
648 2015 814 2087 tedudiam
836 2011 928 2086 fuisse
948 2041 1016 2085 eam
1039 2020 1073 2083 iu
1089 2013 1161 2085 fot-

347 2135 454 2197 mam,
480 2137 552 2208 quae
577 2112 617 2184 ad
632 2111 731 2186 finem
748 2112 848 2211 usque
863 2120 994 2211 Imperii
1013 2119 1160 2186 Romani
1194 2166 1196 2168 -

347 2209 493 2281 duravit,
511 2215 554 2286 ita
570 2235 605 2282 ut
613 2211 695 2282 libra
712 2209 1031 2308 Romauaparfuerit
1044 2213 1159 2283 decem

345 2311 450 2378 unciis
459 2305 559 2381 uaris.
574 2333 649 2378 cum
662 2308 794 2381 semisse.
843 2309 1016 2406 Quicquid
1031 2309 1159 2395 fit‚nos'
1237 2380 1243 2401 .,

290 2493 297 2504 ι
344 2403 399 2480 hic
413 2410 550 2476 maxime
572 2403 689 2478 soliciti
712 2410 820 2478 sumus
840 2409 882 2480 de
897 2408 978 2480 libra
991 2413 1158 2489 Romana,
1236 2411 1244 2504 ζ,

343 2507 523 2599 unciaque,
551 2506 654 2600 'qualis
675 2497 902 2578 floreutillrmis
920 2511 1036 2578 Romae
1058 2505 1157 2580 rebus
1234 2502 1237 2506 ’

342 2609 377 2674 in
395 2601 450 2674 usu
464 2602 537 2676 fuit.
584 2606 722 2676 Nummi
735 2606 869 2702 quidem
884 2611 957 2676 aerei
972 2631 1039 2675 non
1055 2631 1157 2678 uuam

217 2711 221 2724 ‘
272 2723 274 2728 ·
337 2701 418 2798 'palli
433 2699 504 2774 suut
517 2709 750 2793 mutationem,
773 2705 850 2774 teste
867 2707 975 2775 Plinio
997 2705 1154 2775 &Festoz
1237 2805 1242 2813 ‚

340 2807 398 2898 qui
416 2806 502 2872 enim
527 2801 655 2876 librales
676 2809 784 2899 primo
803 2825 910 2881 erant,
943 2798 1154 2875 semuuciales

263 2925 264 2928 ’
339 2899 471 2971 tandem
484 2898 617 2971 fiebant.
652 2900 716 2970 Sed
730 2923 836 2995 neque
849 2899 914 2972 hoc
929 2900 1053 2986 obstat,
1066 2911 1155 2995 quo'·

339 3003 447 3068 minus
461 3023 535 3070 vera
548 3003 654 3070 unciae
670 3003 830 3068 Romeuae
855 2999 1048 3098 magnitudo
1071 2996 1154 3074 iude

338 3097 411 3168 elici
427 3097 538 3192 posllt,
563 3095 585 3167 fi
600 3096 734 3195 quidem
751 3094 861 3167 debita
883 3095 989 3170 fuisset
1001 3095 1152 3168 adhibita

338 3195 542 3266 exoblitudm
556 3201 591 3265 in
600 3193 651 3267 affi
677 3193 786 3264 nando
799 3193 914 3293 legali,
931 3194 1022 3292 quod
1036 3191 1152 3292 singu·
1203 3248 1206 3251 -

337 3295 376 3368 lis
390 3295 531 3367 nummis
543 3298 630 3367 aereis
646 3222 842 3390 debebatur,
857 3296 1024 3394 pondere.x
1054 3294 1150 3366 Prio-
1242 3289 1244 3295 ’

366 3418 375 3436 s
450 3415 453 3418 ’
1070 3415 1146 3468 tum
1199 3417 1205 3426 '

834 3571 870 3600 f.

841 3725 857 3769 d
